
@phdthesis{grover_enrique_castro_guzman_metodos_nodate,
	title = {Métodos {Estatístico}-{Computacionais} {Baseados} na {Densidade} {Espectral} de {Grafos} e {Suas} {Aplicações}},
	author = {{Grover Enrique Castro Guzman}},
	annote = {* Aproveitar a estrutura topológica do grafo para obter os autovalores do grafo, no caso da tese é utilizado os resultados de um artigo que apresenta soluções para grafos do tipo "locally-tree".
* Notação da tese para a escrita matemática esta um pouco confusa, mas entendi a ideia principal.
*  Grifos na tese.
 },
	file = {_.pdf:/home/matheus/Zotero/storage/WQCL6LGA/_.pdf:application/pdf},
}

@article{peixoto_network_2019,
	title = {Network {Reconstruction} and {Community} {Detection} from {Dynamics}},
	volume = {123},
	issn = {0031-9007, 1079-7114},
	url = {https://link.aps.org/doi/10.1103/PhysRevLett.123.128301},
	doi = {10.1103/PhysRevLett.123.128301},
	language = {en},
	number = {12},
	urldate = {2021-05-31},
	journal = {Physical Review Letters},
	author = {Peixoto, Tiago P.},
	month = sep,
	year = {2019},
	pages = {128301},
	file = {Texto completo:/home/matheus/Zotero/storage/2D8GY43L/Peixoto - 2019 - Network Reconstruction and Community Detection fro.pdf:application/pdf},
}

@article{peixoto_latent_2020,
	title = {Latent {Poisson} models for networks with heterogeneous density},
	volume = {102},
	issn = {2470-0045, 2470-0053},
	url = {https://link.aps.org/doi/10.1103/PhysRevE.102.012309},
	doi = {10.1103/PhysRevE.102.012309},
	language = {en},
	number = {1},
	urldate = {2021-05-31},
	journal = {Physical Review E},
	author = {Peixoto, Tiago P.},
	month = jul,
	year = {2020},
	pages = {012309},
	file = {10.1103@PhysRevE.102.012309.pdf:/home/matheus/Zotero/storage/S9MH8WI6/10.1103@PhysRevE.102.012309.pdf:application/pdf;Versão submetida:/home/matheus/Zotero/storage/BZK452DL/Peixoto - 2020 - Latent Poisson models for networks with heterogene.pdf:application/pdf},
}

@article{peixoto_revealing_2021,
	title = {Revealing {Consensus} and {Dissensus} between {Network} {Partitions}},
	volume = {11},
	issn = {2160-3308},
	url = {https://link.aps.org/doi/10.1103/PhysRevX.11.021003},
	doi = {10.1103/PhysRevX.11.021003},
	language = {en},
	number = {2},
	urldate = {2021-05-31},
	journal = {Physical Review X},
	author = {Peixoto, Tiago P.},
	month = apr,
	year = {2021},
	pages = {021003},
	file = {Texto completo:/home/matheus/Zotero/storage/M3WUCLGJ/Peixoto - 2021 - Revealing Consensus and Dissensus between Network .pdf:application/pdf},
}

@article{zhang_statistical_2020,
	title = {Statistical inference of assortative community structures},
	volume = {2},
	issn = {2643-1564},
	url = {https://link.aps.org/doi/10.1103/PhysRevResearch.2.043271},
	doi = {10.1103/PhysRevResearch.2.043271},
	language = {en},
	number = {4},
	urldate = {2021-05-31},
	journal = {Physical Review Research},
	author = {Zhang, Lizhi and Peixoto, Tiago P.},
	month = nov,
	year = {2020},
	pages = {043271},
	file = {Texto completo:/home/matheus/Zotero/storage/9ITVMXQX/Zhang e Peixoto - 2020 - Statistical inference of assortative community str.pdf:application/pdf},
}

@article{gligorijevic_structure-based_2021,
	title = {Structure-based protein function prediction using graph convolutional networks},
	volume = {12},
	issn = {2041-1723},
	url = {http://www.nature.com/articles/s41467-021-23303-9},
	doi = {10.1038/s41467-021-23303-9},
	abstract = {Abstract
            
              The rapid increase in the number of proteins in sequence databases and the diversity of their functions challenge computational approaches for automated function prediction. Here, we introduce DeepFRI, a Graph Convolutional Network for predicting protein functions by leveraging sequence features extracted from a protein language model and protein structures. It outperforms current leading methods and sequence-based Convolutional Neural Networks and scales to the size of current sequence repositories. Augmenting the training set of experimental structures with homology models allows us to significantly expand the number of predictable functions. DeepFRI has significant de-noising capability, with only a minor drop in performance when experimental structures are replaced by protein models. Class activation mapping allows function predictions at an unprecedented resolution, allowing site-specific annotations at the residue-level in an automated manner. We show the utility and high performance of our method by annotating structures from the PDB and SWISS-MODEL, making several new confident function predictions. DeepFRI is available as a webserver at
              https://beta.deepfri.flatironinstitute.org/
              .},
	language = {en},
	number = {1},
	urldate = {2021-05-31},
	journal = {Nature Communications},
	author = {Gligorijević, Vladimir and Renfrew, P. Douglas and Kosciolek, Tomasz and Leman, Julia Koehler and Berenberg, Daniel and Vatanen, Tommi and Chandler, Chris and Taylor, Bryn C. and Fisk, Ian M. and Vlamakis, Hera and Xavier, Ramnik J. and Knight, Rob and Cho, Kyunghyun and Bonneau, Richard},
	month = dec,
	year = {2021},
	pages = {3168},
	annote = {Structure-based protein function prediction using graph convolutional networks
Método:
Utilizam deep learning para predizer a função da proteína classificada através do GO. A contribução está na estrutura da da rede neural considerada. São consideradas duas etapas da rede neural.
Para a extração de features dos dados de entrada é utilizada uma rede neural com memoria long short-term, utilizada em sua maioria para a aprendizagem de processos NLP, pré-treinada com 10 milhões de entradas de proteínas.

The first stage of our method is a self-supervised language model with a recurrent neural network architecture with long short-term memory (LSTM-LM)50.

Após a extração dos features, uma rede neural convolucional baseada em grafo é utilizada contendo duas camadas. A entrada de valores para as redes neurais é a saída da rede neural anterior, devido a isso os features são extraídos na camada anterior.



O esquema resumido da rede neural é apresentado acima. Além das informações sobre o grafo gerado pelas ligações dos aminoácidos também são incluídas informações, informações sobre as ligações dos aminoácidos obtidas através da rede neural Short-term-memory. Isso contribui para a acertividade da rede neural e também para a seleção de "partes" que contribuem para a predição de funções desempenhada pela proteína.
Em resumo, são incluídas as informações sobre a "linguagem" da proteína e também de sua estrutura. Para a extração dos features da "linguagem" da proteína é utilizada uma rede neural inicial e a inclusão da estrutura da proteína ocorre utilizando rede neural convolucional baseada em grafos, através da representação das proteínas por mapas de contato e matrizes de adjacencia. São testados diversos tipos de camadas de redes neurais convolucionais baseadas em grafos até a seleção da Graph Attention (GAT). 
Outras informações estão no artigo.
Dataset:
Banco de dados de proteínas
PDB: Protein Data Bank
Swiss-Model: subconjunto de proteínas curadas manualmente do PDB.
Além disso utilizam informações biológicas através
GO: Gene Ontology
EC: Enzyme Commission
Organismo Utilizado:
São proteínas de diversos organismos.
Resultado:
Ao ser comparado com os outros métodos disponíveis para a predição de função biológica (DeepGO e BLAST) o método obteve resultados promissores, sobresaindo-se em algumas comparações, a depender do threshold tomado. Para a predição de função biológica houve um grande acertividade.
Além da predição de função GO para a proteína, também foram obtidos resultados (que não são o principal objetivo do método) em relação a mapear locais funcionais nas proteínas.},
	file = {Texto completo:/home/matheus/Zotero/storage/FD92NM5I/Gligorijević et al. - 2021 - Structure-based protein function prediction using .pdf:application/pdf},
}

@article{lemoine_gwena_2021,
	title = {{GWENA}: gene co-expression networks analysis and extended modules characterization in a single {Bioconductor} package},
	volume = {22},
	issn = {1471-2105},
	shorttitle = {{GWENA}},
	url = {https://bmcbioinformatics.biomedcentral.com/articles/10.1186/s12859-021-04179-4},
	doi = {10.1186/s12859-021-04179-4},
	abstract = {Abstract
            
              Background
              Network-based analysis of gene expression through co-expression networks can be used to investigate modular relationships occurring between genes performing different biological functions. An extended description of each of the network modules is therefore a critical step to understand the underlying processes contributing to a disease or a phenotype. Biological integration, topology study and conditions comparison (e.g. wild vs mutant) are the main methods to do so, but to date no tool combines them all into a single pipeline.
            
            
              Results
              Here we present GWENA, a new R package that integrates gene co-expression network construction and whole characterization of the detected modules through gene set enrichment, phenotypic association, hub genes detection, topological metric computation, and differential co-expression. To demonstrate its performance, we applied GWENA on two skeletal muscle datasets from young and old patients of GTEx study. Remarkably, we prioritized a gene whose involvement was unknown in the muscle development and growth. Moreover, new insights on the variations in patterns of co-expression were identified. The known phenomena of connectivity loss associated with aging was found coupled to a global reorganization of the relationships leading to expression of known aging related functions.
            
            
              Conclusion
              
                GWENA is an R package available through Bioconductor (
                https://bioconductor.org/packages/release/bioc/html/GWENA.html
                ) that has been developed to perform extended analysis of gene co-expression networks. Thanks to biological and topological information as well as differential co-expression, the package helps to dissect the role of genes relationships in diseases conditions or targeted phenotypes. GWENA goes beyond existing packages that perform co-expression analysis by including new tools to fully characterize modules, such as differential co-expression, additional enrichment databases, and network visualization.},
	language = {en},
	number = {1},
	urldate = {2021-05-31},
	journal = {BMC Bioinformatics},
	author = {Lemoine, Gwenaëlle G. and Scott-Boyer, Marie-Pier and Ambroise, Bathilde and Périn, Olivier and Droit, Arnaud},
	month = dec,
	year = {2021},
	pages = {267},
	annote = {GWENA: gene co-expression networks analysis and extended modules characterization in a single Bioconductor package
Método:
Busca fornecer um pipeline completo para inferência de rede de co-expressão gênica.
Gene Whole co-Expression Network Analysis (GWENA) agrega diversos outros algoritmos para a análise de redes gênicas. São diversas etapas do pipeline:
Etapa 1: Entrada dos dados
    Pode ser uma matriz de microarray ou dados de RNA-seq, desde que possua formato matricial e que as colunas sejam genes e as linhas experimentos. Recomenda-se realizar uma normalização dos dados para a entrada e também um mínimo de     20 experimentos por entrada para melhores resultados.
Etapa 2: Filtro
    Busca reduzir o efeito do ruído presente nos experimentos e evitar informações falsas, são fornecidos dois tipos de filtros:        Filtro de contagem baixa: remove genes com baixa expressão baseado em um threshold        Filtro de pouca variação: remove genes cuja variação de uma amostra para outra é baixa ou insignificante, ou seja não há variação biológica significantes.
Etapa 3: Construção da rede de co-expressão gênica
    Nesta etapa é utilizada o pacote WGCNA para a elaboração da matriz de correlação (Spearman ou Pearson), modelagem para a lei de potencia (scale-free topology) e matriz topológica da rede, após esses passos é fornecida a matriz de     adjacência para a rede gênica.
Etapa 4: Detecção de módulos
    Utilizando a biblioteca WGCNA é fornecida uma clusterização hierárquica dos genes utilizando o PCA (principal component analysis) e os genes que mais contribuem para o módulo são selecionados.
Etapa 5: Integração biológica
    É realizada um enriquecimento biológico e uma associação do fenótipo aos genes. Para o enriquecimento biológico 9 banco de dados são pesquisados e utilizados para o enriquecimento. Para a análise dos fenótipos são utilizados os genes     selecionados na etapa anterior (etapa 4).
Etapa 6: Análise topológica da rede gerada
    Utilizando a biblioteca igraph são geradas medidas topológicas para a rede gênica em estudo, em particular a presença de hubs. Para isso são utilizadas três medidas: maior conectividade, maior grau do vértice e score de Kleinberg. Outros     submódulos podem ser analisados separadamente nesta etapa.
Etapa 7: Co-expressão diferencial dos módulos
    São obtidas 7 métricas relacionadas a topologia do módulo e aleatóriamente são modificados genes e realizado um testes de hipótese entre as mudanças e a observação, um módulo será considerado preservado se for significativo para a     hipótese alternativa contudo caso não seja, um segundo teste é realizado buscando o Z-score, a combinação destas duas etapas fornece um valor final de score para os módulos.
Dataset:
O pipeline é testado utilizando RNA-seq skeletal muscle data from GTEx.
Organismo Utilizado:
Humano através de dados de RNA-seq.
Resultado:
São realizadas duas análises, a primeira em relação ao dataset utilizado e a segunda para comparação com outros pipelines disponíveis.
A inferência para o dataset é feita dividindo as amostras em "jovens" e "idosos" e busca-se avaliar as diferenças entre a expressão gênica com o passar do tempo, para isso são executadas todas as etapas do método com o objetivo de mostrar todo o potencial analítico.
A comparação do método com os demais pipelines é feita através de uma tabela apresentando as funcionalidades disponíveis, a grande diferença do método é a grande gama de análises disponíveis tudo integrado ao pipeline.
Como limitações são apresentadas: qualidade limitada dos dados de entrada e o possível viés disponível fazendo com que os dados não sigam topologia scale-free, a limitação em relação ao teste de hipótese e as hipóteses, fazendo com que a tendência dos módulos sejam de não-preservação.},
	file = {Texto completo:/home/matheus/Zotero/storage/X9BXVYT9/Lemoine et al. - 2021 - GWENA gene co-expression networks analysis and ex.pdf:application/pdf},
}

@article{nushi_network_2021,
	title = {Network modeling methods for precision medicine},
	url = {http://arxiv.org/abs/2104.09206},
	abstract = {We discuss in this survey several network modeling methods and their applicability to precision medicine. We review several network centrality methods (degree centrality, closeness centrality, eccentricity centrality, betweenness centrality, and eigenvector-based prestige) and two systems controllability methods (minimum dominating sets and network structural controllability). We demonstrate their applicability to precision medicine on three multiple myeloma patient disease networks. Each network consists of protein-protein interactions built around a specific patient's mutated genes, around the targets of the drugs used in the standard of care in multiple myeloma, and around multiple myeloma-specific essential genes. For each network we demonstrate how the network methods we discuss can be used to identify personalized, targeted drug combinations uniquely suited to that patient.},
	urldate = {2021-05-31},
	journal = {arXiv:2104.09206 [cs, q-bio]},
	author = {Nushi, Elio and Popescu, Victor-Bogdan and Martin, Jose Angel Sanchez and Ivanov, Sergiu and Czeizler, Eugen and Petre, Ion},
	month = apr,
	year = {2021},
	note = {arXiv: 2104.09206},
	keywords = {Computer Science - Social and Information Networks, Quantitative Biology - Molecular Networks},
	annote = {Network modeling methods for precision medicine
Método:
 
Dataset:
 
Organismo Utilizado:
 
Resultado:
 },
	file = {arXiv.org Snapshot:/home/matheus/Zotero/storage/KNSAPY6B/2104.html:text/html;arXiv Fulltext PDF:/home/matheus/Zotero/storage/YCIA7VZB/Nushi et al. - 2021 - Network modeling methods for precision medicine.pdf:application/pdf},
}

@article{he_identification_2021,
	title = {Identification of {Hub} {Genes} to {Regulate} {Breast} {Cancer} {Spinal} {Metastases} by {Bioinformatics} {Analyses}},
	volume = {2021},
	issn = {1748-6718, 1748-670X},
	url = {https://www.hindawi.com/journals/cmmm/2021/5548918/},
	doi = {10.1155/2021/5548918},
	abstract = {Breast cancer (BC) had been one of the deadliest types of cancers in women worldwide. More than 65\% of advanced-stage BC patients were identified to have bone metastasis. However, the molecular mechanisms involved in the BC spinal metastases remained largely unclear. This study screened dysregulated genes in the progression of BC spinal metastases by analyzing GSE22358. Moreover, we constructed PPI networks to identify key regulators in this progression. Bioinformatics analysis showed that these key regulators were involved in regulating the metabolic process, cell proliferation, Toll-like receptor and RIG-I-like receptor signaling, and mRNA surveillance. Furthermore, our analysis revealed that key regulators, including C1QB, CEP55, HIST1H2BO, IFI6, KIAA0101, PBK, SPAG5, SPP1, DCN, FZD7, KRT5, and TGFBR3, were correlated to the OS time in BC patients. In addition, we analyzed TCGA database to further confirm the expression levels of these hub genes in breast cancer. Our results showed that these regulators were significantly differentially expressed in breast cancer, which were consistent with GSE22358 dataset analysis. Furthermore, our analysis demonstrated that CEP55 was remarkably upregulated in the advanced stage of breast cancer compared to the stage I breast cancer sample and was significantly upregulated in triple-negative breast cancers (TNBC) compared to other types of breast cancers, including luminal and HER2-positive cancers, demonstrating CEP55 may have a regulatory role in TNBC. Finally, our results showed that CEP55 was the most highly expressed in Basal-like 1 TNBC and Basal-like 2 TNBC samples but the most lowly expressed in mesenchymal stem-like TNBC samples. Although more studies are still needed to understand the functions of key regulators in BC, this study provides useful information to understand the mechanisms underlying BC spinal metastases.},
	language = {en},
	urldate = {2021-05-31},
	journal = {Computational and Mathematical Methods in Medicine},
	author = {He, Yongxiong and Cao, Yongfei and Wang, Xiaolei and Jisiguleng, Wu and Tao, Mingkai and Liu, Jianfeng and Wang, Fei and Chao, Lemeng and Wang, Wenjun and Li, Pengfei and Fu, Haiping and Xing, Wei and Zhu, Zhibo and Huan, Yanqiang and Yuan, Hongwei},
	editor = {Huang, Tao},
	month = may,
	year = {2021},
	pages = {1--12},
	annote = {Identification of Hub Genes to Regulate Breast Cancer Spinal Metastases by Bioinformatics Analyses
Método:
 
Dataset:
 
Organismo Utilizado:
 
Resultado:
 },
	file = {Texto completo:/home/matheus/Zotero/storage/JASUYV63/He et al. - 2021 - Identification of Hub Genes to Regulate Breast Can.pdf:application/pdf},
}

@article{kim_deeptfactor_2021,
	title = {{DeepTFactor}: {A} deep learning-based tool for the prediction of transcription factors},
	volume = {118},
	issn = {0027-8424, 1091-6490},
	shorttitle = {{DeepTFactor}},
	url = {http://www.pnas.org/lookup/doi/10.1073/pnas.2021171118},
	doi = {10.1073/pnas.2021171118},
	abstract = {A transcription factor (TF) is a sequence-specific DNA-binding protein that modulates the transcription of a set of particular genes, and thus regulates gene expression in the cell. TFs have commonly been predicted by analyzing sequence homology with the DNA-binding domains of TFs already characterized. Thus, TFs that do not show homologies with the reported ones are difficult to predict. Here we report the development of a deep learning-based tool, DeepTFactor, that predicts whether a protein in question is a TF. DeepTFactor uses a convolutional neural network to extract features of a protein. It showed high performance in predicting TFs of both eukaryotic and prokaryotic origins, resulting in
              F
              1 scores of 0.8154 and 0.8000, respectively. Analysis of the gradients of prediction score with respect to input suggested that DeepTFactor detects DNA-binding domains and other latent features for TF prediction. DeepTFactor predicted 332 candidate TFs in
              Escherichia coli
              K-12 MG1655. Among them, 84 candidate TFs belong to the y-ome, which is a collection of genes that lack experimental evidence of function. We experimentally validated the results of DeepTFactor prediction by further characterizing genome-wide binding sites of three predicted TFs, YqhC, YiaU, and YahB. Furthermore, we made available the list of 4,674,808 TFs predicted from 73,873,012 protein sequences in 48,346 genomes. DeepTFactor will serve as a useful tool for predicting TFs, which is necessary for understanding the regulatory systems of organisms of interest. We provide DeepTFactor as a stand-alone program, available at
              https://bitbucket.org/kaistsystemsbiology/deeptfactor
              .},
	language = {en},
	number = {2},
	urldate = {2021-05-31},
	journal = {Proceedings of the National Academy of Sciences},
	author = {Kim, Gi Bae and Gao, Ye and Palsson, Bernhard O. and Lee, Sang Yup},
	month = jan,
	year = {2021},
	pages = {e2021171118},
	annote = {DeepTFactor: A deep learning-based tool for the prediction of transcription factors
Método:
Utilizar redes neurais convolucionais para a detecção e identificação de fatores de transcrição (TF).
Utilizam como input sequência de proteínas contendo TF e não-TF, realizam um one-hot encoding e três redes convolucionais paralelas com diversas camadas para a extração dos features e informações e mais duas camadas para o final da rede neural.

Dataset:
Realizam o treinamento e validação com dados Swiss-Prot em um período e para a comparação com outros métodos utilizam em outro período para uma comparação justa dos métodos.
Organismo Utilizado:
Aplicam o método no organismo da E.Coli para a identificação de novos TF
Resultado:
O método obteve resultados superiodos aos dois melhores métodos de predição de TF (tanto para procariotos como para eucariotos), possuindo uma acurácia acima de 98\% nas comparações.
Quando aplicado na E.Coli resultou na identificação de três novos TF.},
	file = {Kim et al. - 2021 - DeepTFactor A deep learning-based tool for the pr.pdf:/home/matheus/Zotero/storage/7MXPEASH/Kim et al. - 2021 - DeepTFactor A deep learning-based tool for the pr.pdf:application/pdf},
}

@article{bailey_streme_2021,
	title = {{STREME}: accurate and versatile sequence motif discovery},
	issn = {1367-4803, 1460-2059},
	shorttitle = {{STREME}},
	url = {https://academic.oup.com/bioinformatics/advance-article/doi/10.1093/bioinformatics/btab203/6184861},
	doi = {10.1093/bioinformatics/btab203},
	abstract = {Abstract
            
              Motivation
              Sequence motif discovery algorithms can identify novel sequence patterns that perform biological functions in DNA, RNA and protein sequences—for example, the binding site motifs of DNA- and RNA-binding proteins.
            
            
              Results
              The STREME algorithm presented here advances the state-of-the-art in ab initio motif discovery in terms of both accuracy and versatility. Using in vivo DNA (ChIP-seq) and RNA (CLIP-seq) data, and validating motifs with reference motifs derived from in vitro data, we show that STREME is more accurate, sensitive and thorough than several widely used algorithms (DREME, HOMER, MEME, Peak-motifs) and two other representative algorithms (ProSampler and Weeder). STREME’s capabilities include the ability to find motifs in datasets with hundreds of thousands of sequences, to find both short and long motifs (from 3 to 30 positions), to perform differential motif discovery in pairs of sequence datasets, and to find motifs in sequences over virtually any alphabet (DNA, RNA, protein and user-defined alphabets). Unlike most motif discovery algorithms, STREME reports a useful estimate of the statistical significance of each motif it discovers. STREME is easy to use individually via its web server or via the command line, and is completely integrated with the widely used MEME Suite of sequence analysis tools. The name STREME stands for ‘Simple, Thorough, Rapid, Enriched Motif Elicitation’.
            
            
              Availability and implementation
              The STREME web server and source code are provided freely for non-commercial use at http://meme-suite.org.
            
            
              Supplementary information
              Supplementary data are available at Bioinformatics online.},
	language = {en},
	urldate = {2021-05-31},
	journal = {Bioinformatics},
	author = {Bailey, Timothy L},
	editor = {Birol, Inanc},
	month = mar,
	year = {2021},
	pages = {btab203},
	annote = {STREME: accurate and versatile sequence motif discovery
Método:
Busca descobrir os motifs nas sequencias. Seis passos o algortimo:
1 etapa: preparação do dataset    realiza uma 'normalização' dos dados deixando tudo maiusculo, e caso não tenha uma sequência padrão de entrada é gerada uma sequência através de um suffle na sequencia de entrada no qual preserva. Através dessas sequencias de entrada é definido o teste estatístico a ser tomado para a determinação da significancia estatística.
2 etapa: criação da arvore de sufixo    são criadas arvores para as duas sequencias de entrada baseada no algortido de MUMmer, caso as letras tenham complementos são incluidos
3 etapa: avaliação das palavras    são geradas as palavras de tamanho 3 até o maior valor e são identificadas a existencia na arvore
4 etapa: refinamento dos motifs    cada palavra é convertida em uma matriz de pesos e testes estatisticos são feitos
5 etapa: siginificancia dos motifs    é computada a significancia estatistica de cada um dos motifs descobertos
6 etapa: exclusão de motifs    os melhores motifs são apagados e substituidos por caracteres de separação
Dataset:
40 TF ChIP-seq for Homo sapiens
Organismo Utilizado:
Homo sapiens
Resultado:
Avaliações e comparações com outros métodos de descoberta de motifs mostraram que o STREME possui um tempo computacional baixo para a descoberta de motifs e acertividade superior aos demais métodos.
Além disso, STREME fornece significancia estatística para os motifs descobertos, apresentando um diferencial entre os demais métodos.},
	file = {btab203.pdf:/home/matheus/Zotero/storage/DVRAAX6E/btab203.pdf:application/pdf;Versão submetida:/home/matheus/Zotero/storage/IWY5J2P9/Bailey - 2021 - STREME accurate and versatile sequence motif disc.pdf:application/pdf},
}

@article{roth_simultaneous_2021,
	title = {Simultaneous learning of individual {microRNA}-gene interactions and regulatory comodules},
	volume = {22},
	issn = {1471-2105},
	url = {https://bmcbioinformatics.biomedcentral.com/articles/10.1186/s12859-021-04151-2},
	doi = {10.1186/s12859-021-04151-2},
	abstract = {Abstract
            
              Background
              
                MicroRNAs (miRNAs) function in post-transcriptional regulation of gene expression by binding to target messenger RNAs (mRNAs). Because of the key part that miRNAs play, understanding the correct regulatory role of miRNAs in diverse patho-physiological conditions is of great interest. Although it is known that miRNAs act combinatorially to regulate genes, precise identification of miRNA-gene interactions and their specific functional roles in regulatory comodules remains a challenge. We developed
                Theia
                , an effective method for simultaneously predicting miRNA-gene interactions and regulatory comodules, which group functionally related miRNAs and genes via non-negative matrix factorization (NMF).
              
            
            
              Results
              
                We apply
                Theia
                to RNA sequencing data from breast invasive carcinoma samples and demonstrate its effectiveness in discovering biologically significant regulatory comodules that are significantly enriched in spatial miRNA clusters, biological pathways, and various cancers.
              
            
            
              Conclusions
              
                Theia
                is a theoretically rigorous optimization algorithm that simultaneously predicts the strength and direction (i.e., up-regulation or down-regulation) of the effect of modules of miRNAs on a gene. We posit that if
                Theia
                is capable of recovering known clusters of genes and miRNA, then the clusters found by our method not previously identified by literature are also likely to have biological significance. We believe that these novel regulatory comodules found by our method will be a springboard for further research into the specific functional roles of these new functional ensembles of miRNAs and genes,especially those related to diseases like breast cancer.},
	language = {en},
	number = {1},
	urldate = {2021-05-17},
	journal = {BMC Bioinformatics},
	author = {Roth, Michael and Jain, Pranjal and Koo, Jinkyu and Chaterji, Somali},
	month = dec,
	year = {2021},
	pages = {237},
	annote = {Simultaneous learning of individual microRNA-gene interactions and regulatory comodules
Método:
Um pipeline completo que busca relacionar RNA não codificantes curtos (miRNA) com genes e proteínas, criando os chamados 'comodules' regulatórios. Além disso as contribuições seguem:* criando significados a modulos mistos, no caso genes, miRNA, proteínas;* apresentam a significancia biologica dos miRNA, acrescentando valores do GO;* consideram tanto regulações de ativação (positiva) como de inibição (negativa) dos miRNA-gene.
Resumidamente o método é composto de um processo de otimização, no qual busca minimizar uma função. A criação dessa função utiliza matrizes de fatorização não-negativa (NMF) o qual a aplicação inicial é para a divisão em clusters os dados, contudo os autores utilizam as duas matrizes resultante, isto é, a matriz da base (utilizada para a redução da dimensionalidade em outros problemas) e a matriz dos coeficientes.
Além disso o método proposto busca lidar com o ruído presente através de manipulações e considerando as matrizes tal como outros métodos fazem, evitando ruídos na regressão.
Utilizam gradiente descentente para a minimização da função objetivo, o método possui duas etapas, onde a solução de um subproblema é a entrada de outro subproblema.
Dataset:
São utilizados dados do TCGA sobre cancer de mama
Organismo Utilizado:
Humano, dados do cancer de mama
Resultado:
Ao ser comparados com outros métodos possuiu um bom desenvolvimento e teve resultados superiores aos demais. Em algumas comparações, por falta de resultados empíricos foram utilizados dados de simulações para a avaliação.
Um outro avanço esta na combinação de miRNA na regulação de genes, descobrindo e criando os 'comodules' entre miRNA e genes que são regulados por eles.},
	file = {Texto completo:/home/matheus/Zotero/storage/RXZRBF93/Roth et al. - 2021 - Simultaneous learning of individual microRNA-gene .pdf:application/pdf},
}

@article{kulmanov_deepgoplus_2021,
	title = {{DeepGOPlus}: improved protein function prediction from sequence},
	issn = {1367-4803, 1460-2059},
	shorttitle = {{DeepGOPlus}},
	url = {https://academic.oup.com/bioinformatics/advance-article/doi/10.1093/bioinformatics/btaa763/6262032},
	doi = {10.1093/bioinformatics/btaa763},
	language = {en},
	urldate = {2021-05-07},
	journal = {Bioinformatics},
	author = {Kulmanov, Maxat and Hoehndorf, Robert},
	month = may,
	year = {2021},
	pages = {btaa763},
	file = {Texto completo:/home/matheus/Zotero/storage/V7GRG5Q4/Kulmanov e Hoehndorf - 2021 - DeepGOPlus improved protein function prediction f.pdf:application/pdf},
}

@book{alberts_biologia_2000,
	title = {Biologia molecular da célula (5a. ed.).},
	isbn = {978-85-363-2170-7},
	url = {http://public.ebookcentral.proquest.com/choice/publicfullrecord.aspx?p=3234125},
	language = {English},
	urldate = {2021-05-04},
	publisher = {Grupo A - Artmed},
	author = {Alberts, Bruce and Johnson, Alexander and Lewis, Julian},
	year = {2000},
	note = {OCLC: 923752216},
}

@book{alberts_biologia_2000-1,
	title = {Biologia molecular da célula (5a. ed.).},
	isbn = {978-85-363-2170-7},
	url = {http://public.ebookcentral.proquest.com/choice/publicfullrecord.aspx?p=3234125},
	language = {English},
	urldate = {2021-05-04},
	publisher = {Grupo A - Artmed},
	author = {Alberts, Bruce and Johnson, Alexander and Lewis, Julian},
	year = {2000},
	note = {OCLC: 923752216},
}

@article{hagen_origins_2000,
	title = {The origins of bioinformatics},
	volume = {1},
	issn = {1471-0056, 1471-0064},
	url = {http://www.nature.com/articles/35042090},
	doi = {10.1038/35042090},
	language = {en},
	number = {3},
	urldate = {2021-05-03},
	journal = {Nature Reviews Genetics},
	author = {Hagen, Joel B.},
	month = dec,
	year = {2000},
	pages = {231--236},
	file = {Hagen - 2000 - The origins of bioinformatics.pdf:/home/matheus/Zotero/storage/XJQA9DRD/Hagen - 2000 - The origins of bioinformatics.pdf:application/pdf},
}

@article{hogeweg_roots_2011,
	title = {The {Roots} of {Bioinformatics} in {Theoretical} {Biology}},
	volume = {7},
	issn = {1553-7358},
	url = {https://dx.plos.org/10.1371/journal.pcbi.1002021},
	doi = {10.1371/journal.pcbi.1002021},
	language = {en},
	number = {3},
	urldate = {2021-05-03},
	journal = {PLoS Computational Biology},
	author = {Hogeweg, Paulien},
	editor = {Searls, David B.},
	month = mar,
	year = {2011},
	pages = {e1002021},
	file = {Texto completo:/home/matheus/Zotero/storage/RX9NVACX/Hogeweg - 2011 - The Roots of Bioinformatics in Theoretical Biology.pdf:application/pdf},
}

@article{kitano_systems_2002,
	title = {Systems {Biology}: {A} {Brief} {Overview}},
	volume = {295},
	issn = {00368075, 10959203},
	shorttitle = {Systems {Biology}},
	url = {https://www.sciencemag.org/lookup/doi/10.1126/science.1069492},
	doi = {10.1126/science.1069492},
	number = {5560},
	urldate = {2021-05-03},
	journal = {Science},
	author = {Kitano, H.},
	month = mar,
	year = {2002},
	pages = {1662--1664},
	file = {Texto completo:/home/matheus/Zotero/storage/PNYLFDMD/Kitano - 2002 - Systems Biology A Brief Overview.pdf:application/pdf},
}

@article{kauffman_metabolic_1969,
	title = {Metabolic stability and epigenesis in randomly constructed genetic nets},
	volume = {22},
	issn = {00225193},
	url = {https://linkinghub.elsevier.com/retrieve/pii/0022519369900150},
	doi = {10.1016/0022-5193(69)90015-0},
	language = {en},
	number = {3},
	urldate = {2021-05-03},
	journal = {Journal of Theoretical Biology},
	author = {Kauffman, S.A.},
	month = mar,
	year = {1969},
	pages = {437--467},
}

@article{patel_modeling_2021,
	title = {Modeling transcriptional regulation using gene regulatory networks based on multi-omics data sources},
	volume = {22},
	issn = {1471-2105},
	url = {https://bmcbioinformatics.biomedcentral.com/articles/10.1186/s12859-021-04126-3},
	doi = {10.1186/s12859-021-04126-3},
	abstract = {Abstract
            
              Background
              
                Transcriptional regulation is complex, requiring multiple
                cis
                (local) and
                trans
                acting mechanisms working in concert to drive gene expression, with disruption of these processes linked to multiple diseases. Previous computational attempts to understand the influence of regulatory mechanisms on gene expression have used prediction models containing input features derived from
                cis
                regulatory factors. However, local chromatin looping and
                trans-
                acting mechanisms are known to also influence transcriptional regulation, and their inclusion may improve model accuracy and interpretation. In this study, we create a general model of transcription factor influence on gene expression by incorporating both
                cis
                and
                trans
                gene regulatory features.
              
            
            
              Results
              
                We describe a computational framework to model gene expression for GM12878 and K562 cell lines. This framework weights the impact of transcription factor-based regulatory data using multi-omics gene regulatory networks to account for both
                cis
                and
                trans
                acting mechanisms, and measures of the local chromatin context. These prediction models perform significantly better compared to models containing
                cis
                -regulatory features alone. Models that additionally integrate long distance chromatin interactions (or chromatin looping) between distal transcription factor binding regions and gene promoters also show improved accuracy. As a demonstration of their utility, effect estimates from these models were used to weight
                cis
                -regulatory rare variants for sequence kernel association test analyses of gene expression.
              
            
            
              Conclusions
              Our models generate refined effect estimates for the influence of individual transcription factors on gene expression, allowing characterization of their roles across the genome. This work also provides a framework for integrating multiple data types into a single model of transcriptional regulation.},
	language = {en},
	number = {1},
	urldate = {2021-04-27},
	journal = {BMC Bioinformatics},
	author = {Patel, Neel and Bush, William S.},
	month = dec,
	year = {2021},
	pages = {200},
	annote = {Modeling transcriptional regulation using gene regulatory networks based on multi-omics data sources
Método:
Propõe um novo método de inferência (predição) de redes gênicas ao qual combina dados multi-ômicos para realizar a inferência.
Combinam redes de regulação gênica (trans) com co-regulação (cis(local)) dos TF para seus alvos.
Combinam métodos para a geração das GRN (PANDA) com outros métodos de inferência FIMO (MEME-suite tools), TEPIC (https://github.com/SchulzLab/TEPIC).
Utilizam informações cis (local) e trans para gerar inferências mais assertivas que as anteriores.
Através do método é possível enriquecer informações gênicas através das funções realizadas a nível proteico, por exemplo.
Dataset:
NIMH Repository \& Genomics Resource
dbGaP - https://www.ncbi.nlm.nih.gov/gap/
Organismo Utilizado:
Dados ChIP-Seq
Linha celular da leucemia mielóide crônica
Linha celular linfoblastóides imortalizadas
Resultado:
O método foi capaz de inferir alguns TFs conhecidos e outros TFs com funções ainda desconhecidas nos banco de dados disponíveis.
Uma das limitações do método é a baixa quantidade de dados ChIP-Seq.
 
 
 },
	file = {Texto completo:/home/matheus/Zotero/storage/6V4WMKBC/Patel e Bush - 2021 - Modeling transcriptional regulation using gene reg.pdf:application/pdf},
}

@article{ferreira_gene_2018,
	title = {Gene regulatory and signaling networks exhibit distinct topological distributions of motifs},
	volume = {97},
	issn = {2470-0045, 2470-0053},
	url = {https://link.aps.org/doi/10.1103/PhysRevE.97.042417},
	doi = {10.1103/PhysRevE.97.042417},
	language = {en},
	number = {4},
	urldate = {2021-04-22},
	journal = {Physical Review E},
	author = {Ferreira, Gustavo Rodrigues and Nakaya, Helder Imoto and Costa, Luciano da Fontoura},
	month = apr,
	year = {2018},
	pages = {042417},
	annote = {Gene regulatory and signaling networks exhibit distinct topological distributions of motifs
 
 
Motifs apresentam distribuições diferentes para diferentes tipos de redes biológicas.
Para redes 'signaling networks (SN)' a distribuição dos motifs é do tipo simétrica e para redes do tipo 'gene regulatory networks (GRN)' a distribuição dos motifs é do tipo assimétrica.
São analisados três tipos  de motifs:
Redes SN possuem uma distribuição de motifs muito mais simétrica ao redor do receptor a redes aleatórias (comparada com o modelo nulo), já GRN possui distribuição de motifs assimétrica ao redor dos transcription factor, quando comparada com redes aleatórias de mesmo grau dos vértices (modelo nulo).},
	file = {PhysRevE.97.042417.pdf:/home/matheus/Zotero/storage/QBA2ADBB/PhysRevE.97.042417.pdf:application/pdf;Versão submetida:/home/matheus/Zotero/storage/XR99GDP2/Ferreira et al. - 2018 - Gene regulatory and signaling networks exhibit dis.pdf:application/pdf},
}

@article{martin_drivers_2016,
	title = {Drivers of structural features in gene regulatory networks: {From} biophysical constraints to biological function},
	volume = {17},
	issn = {15710645},
	shorttitle = {Drivers of structural features in gene regulatory networks},
	url = {https://linkinghub.elsevier.com/retrieve/pii/S1571064516300343},
	doi = {10.1016/j.plrev.2016.06.002},
	language = {en},
	urldate = {2021-04-22},
	journal = {Physics of Life Reviews},
	author = {Martin, O.C. and Krzywicki, A. and Zagorski, M.},
	month = jul,
	year = {2016},
	pages = {124--158},
	annote = {Drivers of structural features in gene regulatory networks: From biophysical constraints to biological function
Método:
ESTÃO FEITOS GRIFOS NO TEXTO
Dataset:
 
Organismo Utilizado:
 
Resultado:
 },
	file = {Martin et al. - 2016 - Drivers of structural features in gene regulatory .pdf:/home/matheus/Zotero/storage/KX2F9VPB/Martin et al. - 2016 - Drivers of structural features in gene regulatory .pdf:application/pdf},
}

@article{lee_implications_2008,
	title = {The implications of human metabolic network topology for disease comorbidity},
	volume = {105},
	issn = {0027-8424, 1091-6490},
	url = {http://www.pnas.org/cgi/doi/10.1073/pnas.0802208105},
	doi = {10.1073/pnas.0802208105},
	language = {en},
	number = {29},
	urldate = {2021-04-22},
	journal = {Proceedings of the National Academy of Sciences},
	author = {Lee, D.- S. and Park, J. and Kay, K. A. and Christakis, N. A. and Oltvai, Z. N. and Barabasi, A.- L.},
	month = jul,
	year = {2008},
	pages = {9880--9885},
	annote = {The implications of human metabolic network topology for disease comorbidity
Método:
 
Dataset:
 
Organismo Utilizado:
 
Resultado:
 },
	file = {Texto completo:/home/matheus/Zotero/storage/5B337PXZ/Lee et al. - 2008 - The implications of human metabolic network topolo.pdf:application/pdf},
}

@article{gao_robustness_2012,
	title = {Robustness of a network formed by n interdependent networks with a one-to-one correspondence of dependent nodes},
	volume = {85},
	issn = {1539-3755, 1550-2376},
	url = {https://link.aps.org/doi/10.1103/PhysRevE.85.066134},
	doi = {10.1103/PhysRevE.85.066134},
	language = {en},
	number = {6},
	urldate = {2021-04-22},
	journal = {Physical Review E},
	author = {Gao, Jianxi and Buldyrev, S. V. and Havlin, S. and Stanley, H. E.},
	month = jun,
	year = {2012},
	pages = {066134},
	annote = {Robustness of a network formed by n interdependent networks with a one-to-one correspondence of dependent nodes
Método:
 
Dataset:
 
Organismo Utilizado:
 
Resultado:
 },
	file = {Gao et al. - 2012 - Robustness of a network formed by n interdependent.pdf:/home/matheus/Zotero/storage/AK3M9VXT/Gao et al. - 2012 - Robustness of a network formed by n interdependent.pdf:application/pdf},
}

@article{greenfield_dream4_2010,
	title = {{DREAM4}: {Combining} {Genetic} and {Dynamic} {Information} to {Identify} {Biological} {Networks} and {Dynamical} {Models}},
	volume = {5},
	issn = {1932-6203},
	shorttitle = {{DREAM4}},
	url = {https://dx.plos.org/10.1371/journal.pone.0013397},
	doi = {10.1371/journal.pone.0013397},
	language = {en},
	number = {10},
	urldate = {2021-04-15},
	journal = {PLoS ONE},
	author = {Greenfield, Alex and Madar, Aviv and Ostrer, Harry and Bonneau, Richard},
	editor = {Isalan, Mark},
	month = oct,
	year = {2010},
	pages = {e13397},
	file = {Texto completo:/home/matheus/Zotero/storage/VVGZZSUP/Greenfield et al. - 2010 - DREAM4 Combining Genetic and Dynamic Information .pdf:application/pdf},
}

@article{ito_basinetbiological_2018,
	title = {{BASiNET}—{BiologicAl} {Sequences} {NETwork}: a case study on coding and non-coding {RNAs} identification},
	volume = {46},
	issn = {0305-1048, 1362-4962},
	shorttitle = {{BASiNET}—{BiologicAl} {Sequences} {NETwork}},
	url = {https://academic.oup.com/nar/article/46/16/e96/5033156},
	doi = {10.1093/nar/gky462},
	language = {en},
	number = {16},
	urldate = {2021-04-15},
	journal = {Nucleic Acids Research},
	author = {Ito, Eric Augusto and Katahira, Isaque and Vicente, Fábio Fernandes da Rocha and Pereira, Luiz Filipe Protasio and Lopes, Fabrício Martins},
	month = sep,
	year = {2018},
	pages = {e96--e96},
	file = {Texto completo:/home/matheus/Zotero/storage/KV96AWQS/Ito et al. - 2018 - BASiNET—BiologicAl Sequences NETwork a case study.pdf:application/pdf},
}

@article{subramani_mani_causal_2004,
	title = {Causal {Discovery} {Using} {A} {Bayesian} {Local} {Causal} {Discovery} {Algorithm}},
	volume = {107},
	doi = {10.3233/978-1-60750-949-3-731},
	abstract = {This study focused on the development and application of an efficient algorithm to induce causal relationships from observational data. The algorithm, called BLCD, is based on a causal Bayesian network framework. BLCD initially uses heuristic greedy search to derive the Markov Blanket (MB) of a node that serves as the “locality” for the identification of pair-wise causal relationships. BLCD takes as input a dataset and outputs potential causes of the form variable X causally influences variable Y. Identification of the causal factors of diseases and outcomes, can help formulate better management, prevention and control strategies for the improvement of health care. In this study we focused on investigating factors that may contribute causally to infant mortality in the United States. We used the U.S. Linked Birth/Infant Death dataset for 1991 with more than four million records and about 200 variables for each record. Our sample consisted of 41,155 records randomly selected from the whole dataset. Each record had maternal, paternal and child factors and the outcome at the end of the first year—whether the infant survived or not. Using the infant birth and death dataset as input, BLCD output six purported causal relationships. Three out of the six relationships seem plausible. Even though we have not yet discovered a clinically novel causal link, we plan to look for novel causal pathways using the full sample.},
	language = {en},
	journal = {Causal Discovery Using A Bayesian Local Causal Discovery Algorithm},
	author = {{Subramani Mani} and {Gregory F. Cooper}},
	year = {2004},
	pages = {731 -- 735},
}

@article{faith_large-scale_2007,
	title = {Large-{Scale} {Mapping} and {Validation} of {Escherichia} coli {Transcriptional} {Regulation} from a {Compendium} of {Expression} {Profiles}},
	volume = {5},
	issn = {1545-7885},
	url = {https://dx.plos.org/10.1371/journal.pbio.0050008},
	doi = {10.1371/journal.pbio.0050008},
	language = {en},
	number = {1},
	urldate = {2021-04-14},
	journal = {PLoS Biology},
	author = {Faith, Jeremiah J and Hayete, Boris and Thaden, Joshua T and Mogno, Ilaria and Wierzbowski, Jamey and Cottarel, Guillaume and Kasif, Simon and Collins, James J and Gardner, Timothy S},
	editor = {Levchenko, Andre},
	month = jan,
	year = {2007},
	pages = {e8},
	file = {Texto completo:/home/matheus/Zotero/storage/ZC7MSBDK/Faith et al. - 2007 - Large-Scale Mapping and Validation of Escherichia .pdf:application/pdf},
}

@article{wang_rna-seq_2009,
	title = {{RNA}-{Seq}: a revolutionary tool for transcriptomics},
	volume = {10},
	issn = {1471-0056, 1471-0064},
	shorttitle = {{RNA}-{Seq}},
	url = {http://www.nature.com/articles/nrg2484},
	doi = {10.1038/nrg2484},
	language = {en},
	number = {1},
	urldate = {2021-04-14},
	journal = {Nature Reviews Genetics},
	author = {Wang, Zhong and Gerstein, Mark and Snyder, Michael},
	month = jan,
	year = {2009},
	pages = {57--63},
	file = {Versão aceita:/home/matheus/Zotero/storage/MUMTRA7E/Wang et al. - 2009 - RNA-Seq a revolutionary tool for transcriptomics.pdf:application/pdf},
}

@book{verli_bioinformatica_2014,
	address = {São Paulo},
	edition = {1},
	title = {Bioinformática: da {Biologia} à {Flexibilidade} {Molecular}},
	isbn = {978-85-69288-00-8},
	shorttitle = {Bioinformática da {Biologia} à flexibilidade molecular},
	language = {Português},
	publisher = {SBBq},
	author = {Verli, Hugo},
	year = {2014},
}

@article{werner_all_2007,
	title = {All systems go},
	volume = {446},
	issn = {0028-0836, 1476-4687},
	url = {http://www.nature.com/articles/446493a},
	doi = {10.1038/446493a},
	language = {en},
	number = {7135},
	urldate = {2021-04-13},
	journal = {Nature},
	author = {Werner, Eric},
	month = mar,
	year = {2007},
	pages = {493--494},
	file = {Texto completo:/home/matheus/Zotero/storage/XLADWBKS/Werner - 2007 - All systems go.pdf:application/pdf},
}

@article{costa_characterization_2007,
	title = {Characterization of complex networks: {A} survey of measurements},
	volume = {56},
	issn = {0001-8732, 1460-6976},
	shorttitle = {Characterization of complex networks},
	url = {http://www.tandfonline.com/doi/abs/10.1080/00018730601170527},
	doi = {10.1080/00018730601170527},
	language = {en},
	number = {1},
	urldate = {2021-04-13},
	journal = {Advances in Physics},
	author = {Costa, L. da F. and Rodrigues, F. A. and Travieso, G. and Villas Boas, P. R.},
	month = jan,
	year = {2007},
	pages = {167--242},
	file = {costa2007.pdf:/home/matheus/Zotero/storage/Y2LDWG2V/costa2007.pdf:application/pdf;Versão submetida:/home/matheus/Zotero/storage/6Z9GMNPJ/Costa et al. - 2007 - Characterization of complex networks A survey of .pdf:application/pdf},
}

@article{boccaletti_complex_2006,
	title = {Complex networks: {Structure} and dynamics},
	volume = {424},
	issn = {03701573},
	shorttitle = {Complex networks},
	url = {https://linkinghub.elsevier.com/retrieve/pii/S037015730500462X},
	doi = {10.1016/j.physrep.2005.10.009},
	language = {en},
	number = {4-5},
	urldate = {2021-04-13},
	journal = {Physics Reports},
	author = {Boccaletti, S and Latora, V and Moreno, Y and Chavez, M and Hwang, D},
	month = feb,
	year = {2006},
	pages = {175--308},
	file = {Versão submetida:/home/matheus/Zotero/storage/88YALTYW/Boccaletti et al. - 2006 - Complex networks Structure and dynamics.pdf:application/pdf},
}

@article{wingreen_back_2006,
	title = {Back to the future: education for systems-level biologists},
	volume = {7},
	issn = {1471-0072, 1471-0080},
	shorttitle = {Back to the future},
	url = {http://www.nature.com/articles/nrm2023},
	doi = {10.1038/nrm2023},
	language = {en},
	number = {11},
	urldate = {2021-04-13},
	journal = {Nature Reviews Molecular Cell Biology},
	author = {Wingreen, Ned and Botstein, David},
	month = nov,
	year = {2006},
	pages = {829--832},
	file = {wingreen2006.pdf:/home/matheus/Zotero/storage/TFPGFA66/wingreen2006.pdf:application/pdf;Versão aceita:/home/matheus/Zotero/storage/3KCFYPXA/Wingreen e Botstein - 2006 - Back to the future education for systems-level bi.pdf:application/pdf},
}

@article{kitano_computational_2002,
	title = {Computational systems biology},
	volume = {420},
	issn = {0028-0836, 1476-4687},
	url = {http://www.nature.com/articles/nature01254},
	doi = {10.1038/nature01254},
	language = {en},
	number = {6912},
	urldate = {2021-04-13},
	journal = {Nature},
	author = {Kitano, Hiroaki},
	month = nov,
	year = {2002},
	pages = {206--210},
	file = {Kitano - 2002 - Computational systems biology.pdf:/home/matheus/Zotero/storage/AZZYW6JM/Kitano - 2002 - Computational systems biology.pdf:application/pdf},
}

@article{bartocci_computational_2016,
	title = {Computational {Modeling}, {Formal} {Analysis}, and {Tools} for {Systems} {Biology}},
	volume = {12},
	issn = {1553-7358},
	url = {https://dx.plos.org/10.1371/journal.pcbi.1004591},
	doi = {10.1371/journal.pcbi.1004591},
	language = {en},
	number = {1},
	urldate = {2021-04-13},
	journal = {PLOS Computational Biology},
	author = {Bartocci, Ezio and Lió, Pietro},
	editor = {Kwiatkowska, Marta Zofia},
	month = jan,
	year = {2016},
	pages = {e1004591},
	file = {Texto completo:/home/matheus/Zotero/storage/XQF7DRCC/Bartocci e Lió - 2016 - Computational Modeling, Formal Analysis, and Tools.pdf:application/pdf},
}

@article{hillmer_systems_2015,
	title = {Systems {Biology} for {Biologists}},
	volume = {11},
	issn = {1553-7374},
	url = {https://dx.plos.org/10.1371/journal.ppat.1004786},
	doi = {10.1371/journal.ppat.1004786},
	language = {en},
	number = {5},
	urldate = {2021-04-13},
	journal = {PLOS Pathogens},
	author = {Hillmer, Rachel A.},
	editor = {True-Krob, Heather L.},
	month = may,
	year = {2015},
	pages = {e1004786},
	file = {Texto completo:/home/matheus/Zotero/storage/7G8ZM79P/Hillmer - 2015 - Systems Biology for Biologists.pdf:application/pdf},
}

@article{castro_regulators_2016,
	title = {Regulators of genetic risk of breast cancer identified by integrative network analysis},
	volume = {48},
	issn = {1061-4036, 1546-1718},
	url = {http://www.nature.com/articles/ng.3458},
	doi = {10.1038/ng.3458},
	language = {en},
	number = {1},
	urldate = {2021-04-13},
	journal = {Nature Genetics},
	author = {Castro, Mauro A A and de Santiago, Ines and Campbell, Thomas M and Vaughn, Courtney and Hickey, Theresa E and Ross, Edith and Tilley, Wayne D and Markowetz, Florian and Ponder, Bruce A J and Meyer, Kerstin B},
	month = jan,
	year = {2016},
	pages = {12--21},
	file = {castro2015.pdf:/home/matheus/Zotero/storage/F3L3VICU/castro2015.pdf:application/pdf;Versão aceita:/home/matheus/Zotero/storage/TASM3XGK/Castro et al. - 2016 - Regulators of genetic risk of breast cancer identi.pdf:application/pdf},
}

@article{margolin_aracne_2006,
	title = {{ARACNE}: {An} {Algorithm} for the {Reconstruction} of {Gene} {Regulatory} {Networks} in a {Mammalian} {Cellular} {Context}},
	volume = {7},
	issn = {1471-2105},
	shorttitle = {{ARACNE}},
	url = {https://bmcbioinformatics.biomedcentral.com/articles/10.1186/1471-2105-7-S1-S7},
	doi = {10.1186/1471-2105-7-S1-S7},
	language = {en},
	number = {S1},
	urldate = {2021-04-13},
	journal = {BMC Bioinformatics},
	author = {Margolin, Adam A and Nemenman, Ilya and Basso, Katia and Wiggins, Chris and Stolovitzky, Gustavo and Favera, Riccardo Dalla and Califano, Andrea},
	month = mar,
	year = {2006},
	pages = {S7},
	file = {Texto completo:/home/matheus/Zotero/storage/263NGEQI/Margolin et al. - 2006 - ARACNE An Algorithm for the Reconstruction of Gen.pdf:application/pdf},
}

@article{wang_genome-wide_2009,
	title = {Genome-wide identification of post-translational modulators of transcription factor activity in human {B} cells},
	volume = {27},
	issn = {1087-0156, 1546-1696},
	url = {http://www.nature.com/articles/nbt.1563},
	doi = {10.1038/nbt.1563},
	language = {en},
	number = {9},
	urldate = {2021-04-13},
	journal = {Nature Biotechnology},
	author = {Wang, Kai and Saito, Masumichi and Bisikirska, Brygida C and Alvarez, Mariano J and Lim, Wei Keat and Rajbhandari, Presha and Shen, Qiong and Nemenman, Ilya and Basso, Katia and Margolin, Adam A and Klein, Ulf and Dalla-Favera, Riccardo and Califano, Andrea},
	month = sep,
	year = {2009},
	pages = {829--837},
	file = {Versão aceita:/home/matheus/Zotero/storage/M8J8IC38/Wang et al. - 2009 - Genome-wide identification of post-translational m.pdf:application/pdf},
}

@article{margolin_reverse_2006,
	title = {Reverse engineering cellular networks},
	volume = {1},
	issn = {1754-2189, 1750-2799},
	url = {http://www.nature.com/articles/nprot.2006.106},
	doi = {10.1038/nprot.2006.106},
	language = {en},
	number = {2},
	urldate = {2021-04-13},
	journal = {Nature Protocols},
	author = {Margolin, Adam A and Wang, Kai and Lim, Wei Keat and Kustagi, Manjunath and Nemenman, Ilya and Califano, Andrea},
	month = aug,
	year = {2006},
	pages = {662--671},
	file = {Margolin et al. - 2006 - Reverse engineering cellular networks.pdf:/home/matheus/Zotero/storage/8IPPBQ6X/Margolin et al. - 2006 - Reverse engineering cellular networks.pdf:application/pdf},
}

@article{li_yeast_2004,
	title = {The yeast cell-cycle network is robustly designed},
	volume = {101},
	issn = {0027-8424, 1091-6490},
	url = {http://www.pnas.org/cgi/doi/10.1073/pnas.0305937101},
	doi = {10.1073/pnas.0305937101},
	language = {en},
	number = {14},
	urldate = {2021-04-13},
	journal = {Proceedings of the National Academy of Sciences},
	author = {Li, F. and Long, T. and Lu, Y. and Ouyang, Q. and Tang, C.},
	month = apr,
	year = {2004},
	pages = {4781--4786},
	file = {Texto completo:/home/matheus/Zotero/storage/GKNK3NJW/Li et al. - 2004 - The yeast cell-cycle network is robustly designed.pdf:application/pdf},
}

@article{kauffman_random_2003,
	title = {Random {Boolean} network models and the yeast transcriptional network},
	volume = {100},
	issn = {0027-8424, 1091-6490},
	url = {http://www.pnas.org/cgi/doi/10.1073/pnas.2036429100},
	doi = {10.1073/pnas.2036429100},
	language = {en},
	number = {25},
	urldate = {2021-04-13},
	journal = {Proceedings of the National Academy of Sciences},
	author = {Kauffman, S. and Peterson, C. and Samuelsson, B. and Troein, C.},
	month = dec,
	year = {2003},
	pages = {14796--14799},
	file = {Texto completo:/home/matheus/Zotero/storage/CE4K2VID/Kauffman et al. - 2003 - Random Boolean network models and the yeast transc.pdf:application/pdf},
}

@article{kauffman_metabolic_1969-1,
	title = {Metabolic stability and epigenesis in randomly constructed genetic nets},
	volume = {22},
	issn = {00225193},
	url = {https://linkinghub.elsevier.com/retrieve/pii/0022519369900150},
	doi = {10.1016/0022-5193(69)90015-0},
	language = {en},
	number = {3},
	urldate = {2021-04-13},
	journal = {Journal of Theoretical Biology},
	author = {Kauffman, S.A.},
	month = mar,
	year = {1969},
	pages = {437--467},
	file = {Kauffman - 1969 - Metabolic stability and epigenesis in randomly con.pdf:/home/matheus/Zotero/storage/HZM4UBBM/Kauffman - 1969 - Metabolic stability and epigenesis in randomly con.pdf:application/pdf},
}

@article{shmulevich_boolean_2002,
	title = {From {Boolean} to probabilistic {Boolean} networks as models of genetic regulatory networks},
	volume = {90},
	issn = {0018-9219},
	url = {http://ieeexplore.ieee.org/document/1046956/},
	doi = {10.1109/JPROC.2002.804686},
	language = {en},
	number = {11},
	urldate = {2021-04-13},
	journal = {Proceedings of the IEEE},
	author = {Shmulevich, I. and Dougherty, E.R. and {Wei Zhang}},
	month = nov,
	year = {2002},
	pages = {1778--1792},
	file = {Shmulevich et al. - 2002 - From Boolean to probabilistic Boolean networks as .pdf:/home/matheus/Zotero/storage/7UHKHH7B/Shmulevich et al. - 2002 - From Boolean to probabilistic Boolean networks as .pdf:application/pdf},
}

@article{shmulevich_probabilistic_2002,
	title = {Probabilistic {Boolean} networks: a rule-based uncertainty model for gene regulatory networks},
	volume = {18},
	issn = {1367-4803, 1460-2059},
	shorttitle = {Probabilistic {Boolean} networks},
	url = {https://academic.oup.com/bioinformatics/article-lookup/doi/10.1093/bioinformatics/18.2.261},
	doi = {10.1093/bioinformatics/18.2.261},
	language = {en},
	number = {2},
	urldate = {2021-04-13},
	journal = {Bioinformatics},
	author = {Shmulevich, I. and Dougherty, E. R. and Kim, S. and Zhang, W.},
	month = feb,
	year = {2002},
	pages = {261--274},
	file = {Texto completo:/home/matheus/Zotero/storage/FTPUUMRS/Shmulevich et al. - 2002 - Probabilistic Boolean networks a rule-based uncer.pdf:application/pdf},
}

@article{lopes_gene_2011,
	title = {Gene {Expression} {Complex} {Networks}: {Synthesis}, {Identification}, and {Analysis}},
	volume = {18},
	issn = {1066-5277, 1557-8666},
	shorttitle = {Gene {Expression} {Complex} {Networks}},
	url = {http://www.liebertpub.com/doi/10.1089/cmb.2010.0118},
	doi = {10.1089/cmb.2010.0118},
	language = {en},
	number = {10},
	urldate = {2021-04-13},
	journal = {Journal of Computational Biology},
	author = {Lopes, Fabrício M. and Cesar, Roberto M. and Costa, Luciano Da F.},
	month = oct,
	year = {2011},
	pages = {1353--1367},
	file = {Lopes et al. - 2011 - Gene Expression Complex Networks Synthesis, Ident.pdf:/home/matheus/Zotero/storage/44RL5ZCU/Lopes et al. - 2011 - Gene Expression Complex Networks Synthesis, Ident.pdf:application/pdf},
}

@article{subramanian_gene_2005,
	title = {Gene set enrichment analysis: {A} knowledge-based approach for interpreting genome-wide expression profiles},
	volume = {102},
	issn = {0027-8424, 1091-6490},
	shorttitle = {Gene set enrichment analysis},
	url = {http://www.pnas.org/cgi/doi/10.1073/pnas.0506580102},
	doi = {10.1073/pnas.0506580102},
	language = {en},
	number = {43},
	urldate = {2021-04-13},
	journal = {Proceedings of the National Academy of Sciences},
	author = {Subramanian, A. and Tamayo, P. and Mootha, V. K. and Mukherjee, S. and Ebert, B. L. and Gillette, M. A. and Paulovich, A. and Pomeroy, S. L. and Golub, T. R. and Lander, E. S. and Mesirov, J. P.},
	month = oct,
	year = {2005},
	pages = {15545--15550},
	file = {Texto completo:/home/matheus/Zotero/storage/5FRYAP9B/Subramanian et al. - 2005 - Gene set enrichment analysis A knowledge-based ap.pdf:application/pdf},
}

@article{dougherty_validation_2007,
	title = {Validation of {Inference} {Procedures} for {Gene} {Regulatory} {Networks}},
	volume = {8},
	issn = {13892029},
	url = {http://www.eurekaselect.com/openurl/content.php?genre=article&issn=1389-2029&volume=8&issue=6&spage=351},
	doi = {10.2174/138920207783406505},
	language = {en},
	number = {6},
	urldate = {2021-04-13},
	journal = {Current Genomics},
	author = {Dougherty, Edward},
	month = sep,
	year = {2007},
	pages = {351--359},
	file = {Texto completo:/home/matheus/Zotero/storage/8JMFITWU/Dougherty - 2007 - Validation of Inference Procedures for Gene Regula.pdf:application/pdf},
}

@article{the_dream5_consortium_wisdom_2012,
	title = {Wisdom of crowds for robust gene network inference},
	volume = {9},
	issn = {1548-7091, 1548-7105},
	url = {http://www.nature.com/articles/nmeth.2016},
	doi = {10.1038/nmeth.2016},
	language = {en},
	number = {8},
	urldate = {2021-04-13},
	journal = {Nature Methods},
	author = {{The DREAM5 Consortium} and Marbach, Daniel and Costello, James C and Küffner, Robert and Vega, Nicole M and Prill, Robert J and Camacho, Diogo M and Allison, Kyle R and Kellis, Manolis and Collins, James J and Stolovitzky, Gustavo},
	month = aug,
	year = {2012},
	pages = {796--804},
	file = {nmeth.2016.pdf:/home/matheus/Zotero/storage/8XJMJ3HG/nmeth.2016.pdf:application/pdf;Texto completo:/home/matheus/Zotero/storage/MWDA9IRZ/The DREAM5 Consortium et al. - 2012 - Wisdom of crowds for robust gene network inference.pdf:application/pdf},
}

@article{zhao_gogo_2018,
	title = {{GOGO}: {An} improved algorithm to measure the semantic similarity between gene ontology terms},
	volume = {8},
	issn = {2045-2322},
	shorttitle = {{GOGO}},
	url = {http://www.nature.com/articles/s41598-018-33219-y},
	doi = {10.1038/s41598-018-33219-y},
	language = {en},
	number = {1},
	urldate = {2021-04-13},
	journal = {Scientific Reports},
	author = {Zhao, Chenguang and Wang, Zheng},
	month = dec,
	year = {2018},
	pages = {15107},
	file = {Texto completo:/home/matheus/Zotero/storage/85HYE7QB/Zhao e Wang - 2018 - GOGO An improved algorithm to measure the semanti.pdf:application/pdf},
}

@article{lopes_entropic_2014,
	title = {Entropic {Biological} {Score}: a cell cycle investigation for {GRNs} inference},
	volume = {541},
	issn = {03781119},
	shorttitle = {Entropic {Biological} {Score}},
	url = {https://linkinghub.elsevier.com/retrieve/pii/S0378111914002881},
	doi = {10.1016/j.gene.2014.03.010},
	language = {en},
	number = {2},
	urldate = {2021-04-13},
	journal = {Gene},
	author = {Lopes, Fabrício M. and Ray, Shubhra Sankar and Hashimoto, Ronaldo F. and Cesar, Roberto M.},
	month = may,
	year = {2014},
	pages = {129--137},
	file = {Lopes et al. - 2014 - Entropic Biological Score a cell cycle investigat.pdf:/home/matheus/Zotero/storage/HUTGV2PM/Lopes et al. - 2014 - Entropic Biological Score a cell cycle investigat.pdf:application/pdf},
}

@article{zhang_stochastic_2006,
	title = {Stochastic model of yeast cell-cycle network},
	volume = {219},
	issn = {01672789},
	url = {https://linkinghub.elsevier.com/retrieve/pii/S0167278906001771},
	doi = {10.1016/j.physd.2006.05.009},
	language = {en},
	number = {1},
	urldate = {2021-04-13},
	journal = {Physica D: Nonlinear Phenomena},
	author = {Zhang, Yuping and Qian, Minping and Ouyang, Qi and Deng, Minghua and Li, Fangting and Tang, Chao},
	month = jul,
	year = {2006},
	pages = {35--39},
	file = {zhang2006.pdf:/home/matheus/Zotero/storage/U76IAHJH/zhang2006.pdf:application/pdf;Versão submetida:/home/matheus/Zotero/storage/DUXQVIP7/Zhang et al. - 2006 - Stochastic model of yeast cell-cycle network.pdf:application/pdf},
}

@article{liu_computational_2020,
	title = {Computational network biology: {Data}, models, and applications},
	volume = {846},
	issn = {03701573},
	shorttitle = {Computational network biology},
	url = {https://linkinghub.elsevier.com/retrieve/pii/S0370157319304041},
	doi = {10.1016/j.physrep.2019.12.004},
	language = {en},
	urldate = {2021-04-13},
	journal = {Physics Reports},
	author = {Liu, Chuang and Ma, Yifang and Zhao, Jing and Nussinov, Ruth and Zhang, Yi-Cheng and Cheng, Feixiong and Zhang, Zi-Ke},
	month = mar,
	year = {2020},
	pages = {1--66},
	annote = {Computational network biology: Data, models, and applications
 
O artigo é um survey sobre biologia computacional, com ênfase em redes biológicas. São discutidos diversos aspectos do tema.
Redes biológicas são consideradas do tipo scale-free, baseada em sua distribuição de graus dos vértices e também podem ser consideradas como small-world baseado em sua eficiência em transferência de informações dentro da rede (coeficiente de clusterização alto e caminho mínimo médio baixo).  Também são consideradas como redes heterogêneas em sua maioria, uma doença pode fazer um aumento dessa heterogeneidade da rede.
Vários tipos de redes biológicas são apresentadas:

Interação proteína-proteína (PPI): os vértices da rede são macromoléculas de proteínas suas ligações são caracterizadas por ligações químicas.
Rede isoform-isoform: são redes baseadas na molécula de RNA que pode ter o mesmo início porem ser diferente. Eles são produzidos no mesmo local porém em setores iniciais diferentes, coding de proteínas diferentes ou regiões não traduzidas, podem alterar a função do gene. Essas redes são maiores que as redes de proteínas e podem ser vistas como redes de redes (grafos de grafos).
Interação genética: ocorrem entre duas células podendo ser uma perturbação de um gene sozinho (ou mais de um) ou alterações que resultam em crescimento ou morte da célula.
Redes metabólicas: incluem diversas reações químicas e bioquímicas que regulam todo o sistema. Esse tipo de rede é útil para o diagnóstico de doenças.
Rede neural (cerebral): relacionam as regiões do cérebro através de imagens de ressonância magnética.
Redes droga-alvo: relacionam a ação de fármacos em células ou genes, são redes bipartidas em sua maioria, sendo representada por um conjunto de drogas e outro conjunto de alvos.

São apresentadas diversas métricas em relação a topologia da rede como a distribuição de graus e hubs, que possuem um desenvolvimento mais lento quando comparado com a rede total e desempenham diversas atividades biológicas importantes na rede sendo objeto de estudo. Em relação a GRN direcionadas as distribuições de graus de entrada e saída dos vértices apresentam diferenças, enquanto a distribuição de graus de saída apresenta características de distribuição power-law (lei de potência - scale-free) a distribuição de entrada dos vértices apresenta características da distribuição exponencial.
O caminho mínimo da rede, métricas de distância, eficiência da rede (muito utilizada em redes droga-alvo), coeficiente de betweenness e gargalo (utilizados para perturbações na rede ou knockout de genes alvos que são feitos nos gargalos da rede) e o coeficiente de clusterização da rede.
Estruturas de comunidade da rede são focos de estudo também que possuem aplicações na identificação de transcriptors factors, além das comunidades são identificadas os módulos da rede e motifs que são subgrafos que aparecem com um maior frequência na rede quando comparada com redes aleatórias. Em particular, em redes biológicas apresentam funções biológicas importantes na identificação de doenças sendo mais representados em algumas redes (alto custo computacional na identificação de motifs maiores que 3 ou 4).
A entropia da rede é a medida que relaciona o nível de heterogeneidade da rede, utilizada na identificação de algumas doenças que afetam essa medida. Uma das medidas utilizadas é baseada na Entropia de Shannon que advém da Teoria da Informação.
Essas informações da rede pode ser utilizada na verificação da rede ser resistente a ataques ou falhas (a nível biológico, é claro).
Métodos matemáticos podem ser deduzidos através dessas métricas e gerar pipelines para identificação de características na rede biológica (unindo informações topológicas da rede com informações biológicas). Alguns dos métodos são baseados na centralidade da rede como centralidade do grau do vértice, centralidade do "coreness",  índice-H, baseada no caminho, e também na parte espectral do grafo utilizando os autovalores e autovetores para novas métricas, como é o caso do PageRank e LeaderRank, além disso podemos combinar métodos para obter métricas mais precisas.
Uma outra aplicação de redes está na parte de propagação e difusão de informações através da rede.
A predição de links (arestas) pode ser aplicada na reconstrução de redes incompletas, para isso são utilizados métodos baseado na similaridade local ou global dos índices ou combinação de ambos em métodos quase-local. Uma rede pode ser controlável se um estado inicial é transferível até o estado final num período finito de tempo com entradas escolhidas.
O aprendizado de máquinas (machine learning) também é altamente aplicável em dados biológicos, dados esses que estão a cada dia mais disponíveis e em maiores quantidades, fornecendo material para o treinamento dos algoritmos de machine learning e deep learning.
São combinados através das técnicas de ML e DL informações topológicas e biológicas a respeito dos dados fornecidos como entrada aos modelos. São diversos tipos de modelos de DL aplicáveis a dados biológicos. Como:

Redes neurais totalmente conectadas (Fully connected neural networks (FCNNs)): tipo de rede neural mais comum, todos as unidades da rede recebem informações da iteração anterior. Alta complexidade computacional devido ao número de parâmetros crescer. Possui problemas como overfitting ou parar em um mínimo local e não conseguir sair.
Redes neurais convolucionais (Convolutional neural networks (CNNs)): utilizada em arrays de várias dimensões, geralmente aplicada em dados de imagem. Possui diversas etapas e formas de atuação, sendo muito utilizada.
Redes neurais recorrentes (Recurrent neural networks (RNNs)): desenvolvidas para dados unidimensionais sequenciais.
Redes neurais convolucionais para grafos (Graph convolutional neural networks (GCNs)): são consideradas uma extensão das redes CNNs, utilizam como dados de entrada grafos e as informações sobre os vértices para o desenvolvimento das soluções do modelo.
Além dessas ferramentas, outras formas de obter informações da rede é extraindo informações sobre a rede através de outros métodos como por exemplo o Node2vec, struc2vec. Essas ferramentas fornecem outras informações sobre os vértices da rede.

Como pontos em aberto para a continuação do desenvolvimento da área de redes biológicas são deixados alguns tópicos:

Dados incompletos: apenas 20\% do pareamento das proteínas das células humanas foram obtidos até o momento.
Dados enviesados: muito dos dados que temos hoje em dia são dados obtidos de maneira enviesada anteriormente e dessa forma muitos genes que são importantes estão relacionados aos hubs devido a alta ocorrência dos genes em outros estudos. A questão em aberto é como eliminar os ruídos/viés dos dados para explora-los de maneira mais confiável. Conjunto de dados de alta qualidade e pré processos são necessários para obter uma alta confiabilidade sobre a inferência.
Relacionar propriedades estruturais dos grafos com propriedades biológicas dos elementos da rede, para isso é necessário uma integração entre profissionais como cientistas da computação, biólogos, físicos, químicos, matemáticos, estatísticos, entre outros profissionais.
Avançar no estudo de redes biológicas, grandes resultados obtidos foram migrados do estudo de redes sociais para as redes biológicas com algumas alterações.
},
	file = {Liu et al. - 2020 - Computational network biology Data, models, and a.pdf:/home/matheus/Zotero/storage/PP2GD4L5/Liu et al. - 2020 - Computational network biology Data, models, and a.pdf:application/pdf},
}

@article{haonan_nimce_2020,
	title = {{NIMCE}: a gene regulatory network inference approach based on multi time delays causal entropy},
	issn = {1545-5963, 1557-9964, 2374-0043},
	shorttitle = {{NIMCE}},
	url = {https://ieeexplore.ieee.org/document/9219237/},
	doi = {10.1109/TCBB.2020.3029846},
	urldate = {2021-03-30},
	journal = {IEEE/ACM Transactions on Computational Biology and Bioinformatics},
	author = {Haonan, Feng and Zheng, Ruiqing and Wang, Jianxin and Wu, Fangxiang and Li, Min},
	year = {2020},
	pages = {1--1},
	annote = {NIMCE: a gene regulatory network inference approach based on multi time delays causal entropy
 
Método:
Método de inferência de redes gênicas utilizando Teoria da Informação, definido como: NIMCE (Network Inference based on Multi-time delay Causal Entropy).Consideram informações temporais para a geração da rede de regulação gênica. Esse método é baseado na entropia de transferência.São três etapas do método: a primeira é gerada a matriz partir dos dados temporais (parâmetro definido pelo usuário), na segunda etapa é gerada a rede gênica baseada na transferência de entropia e na última etapa são realizados thresholds para a redução de falsos positivos na rede. Os thresholds são feitos em duas etapas, um a partir dos valores da transferência de entropia e outro baseado na clusterização e par a par na análise da transferência de entropia entre os genes.Para o método da entropia de transferência (transfer entropy - TE) é utilizado o modelo generalizado. Nesta fase (segunda fase) é realizada uma reparametrização das variáveis, os autores utiizam o kernel density estimation (KDE).
Para a terceira fase, thresholds, além da entropia de transferência é utilizada a entropia de causa (causation entropy - CE), são realizados testes para verificar se realmente há uma ligação entre genes, em particular em ligações indiretas entre os genes.
Dataset:
Primeiro dataset temporal - in silico - utilizando GeneNetWeave (padrões da E. Coli e Levedura) com as perturbações na rede conforme o DREAM4.
Segundo dataset temporal - proposto pelo DREAM4
Terceiro dataset - cancer de coloretal - são analisados com um threshold de p{\textless}0.05 e depois uma relaxação para p{\textless}0.3
Organismo Utilizado:
In silico - E.Coli e Levedura
Humano - Cancer coloretal
Resultado:
Em datasets in silico, o método obteve resultados promissores, sendo em sua maioria melhores que os disponíveis para a análise.
Para a parametrização do método, foram testados em diversas redes in silico e os autores sugerem no artigo os melhores valores.
 },
	file = {Haonan et al. - 2020 - NIMCE a gene regulatory network inference approac.pdf:/home/matheus/Zotero/storage/A9KSR3WX/Haonan et al. - 2020 - NIMCE a gene regulatory network inference approac.pdf:application/pdf},
}

@article{chaudhary_nibna_2021,
	title = {{NIBNA}: {A} network-based node importance approach for identifying breast cancer drivers},
	issn = {1367-4803, 1460-2059},
	shorttitle = {{NIBNA}},
	url = {https://academic.oup.com/bioinformatics/advance-article/doi/10.1093/bioinformatics/btab145/6156790},
	doi = {10.1093/bioinformatics/btab145},
	abstract = {Abstract
            
              Motivation
              Identifying meaningful cancer driver genes in a cohort of tumors is a challenging task in cancer genomics. Although existing studies have identified known cancer drivers, most of them focus on detecting coding drivers with mutations. It is acknowledged that non-coding drivers can regulate driver mutations to promote cancer growth. In this work, we propose a novel node importance based network analysis (NIBNA) framework to detect coding and non-coding cancer drivers. We hypothesize that cancer drivers are crucial to the formation of community structures in cancer network, and removing them from the network greatly perturbs the network structure thereby critically affecting the functioning of the network. NIBNA detects cancer drivers using a three-step process; first, a condition-specific network is built by incorporating gene expression data and gene networks, second, the community structures in the network are estimated and third, a centrality-based metric is applied to compute node importance.
            
            
              Results
              We apply NIBNA to the BRCA dataset and it outperforms existing state-of-art methods in detecting coding cancer drivers. NIBNA also predicts 265 miRNA drivers and majority of these drivers have been validated in literature. Further we apply NIBNA to detect cancer subtype-specific drivers and several predicted drivers have been validated to be associated with cancer subtypes. Lastly, we evaluate NIBNA’s performance in detecting epithelial-mesenchymal transition (EMT) drivers, and we confirmed 8 coding and 13 miRNA drivers in the list of known genes.
            
            
              Availability
              The source code can be accessed at: https://github.com/mandarsc/NIBNA.
            
            
              Supplementary information
              Supplementary data are available at Bioinformatics online.},
	language = {en},
	urldate = {2021-03-09},
	journal = {Bioinformatics},
	author = {Chaudhary, Mandar S and Pham, Vu V H and Le, Thuc D},
	editor = {Robinson, Peter},
	month = mar,
	year = {2021},
	pages = {btab145},
	annote = {NIBNA: A network-based node importance approach for identifying breast cancer drivers
Método:
Detecção de comunidades em redes de regulação gênica relacionadas ao câncer, em particular os "cancers drivers" (que são genes responsáveis pelo crescimento tumoral, resumidamente). Não há a necessidade de inclusão de redes direcionadas.
Método chamado de node importance-based biological network analysis (NIBNA).
Primeira etapa a rede gênica é construida através de dados de expressão gênica e acrescentado informações de datasets existentes na literatura (PPI network, miRTarBase, TarBase, miRWalk, TargetScan and TransmiR), para esse primeira etapa é utilizado o método CBNA com alterações (rede ponderada e não direcionada) com as informações de datasets da literatura.
Na segunda etapa é realizada o cálculo de comunidade da rede através do algoritmo de Louvain. Na terceira e última fase é realizado o cálculo de importância dos vértices da rede, esse cálculo é realizado através da importância desse vértice na estrutura de comunidade, isto é, qual o nível de perturbação ocorre quando é removido esse vértice da rede. Para esse resolver esse problema é proposto a utilização do espectro da rede, isto é, os autovalores estão associados a essa perturbação na rede.

 If the graph contains c well separated communities, the c largest eigenvalues are significantly larger in magnitude compared to the rest of the eigenvalues. Based on this observation, the change in the communities upon a node removal can be estimated by measuring the relative change in the largest eigenvalues (Wang et al., 2011). The centrality-based metric uses this property to compute the importance score of a node by measuring the change in the c largest eigenvalues. 

No final de contas é proposta uma nova métrica para a análise das redes gênicas. Como baseline na análise de importância dos vértices é colocado o valor 1/n para cada vértice, onde n é o número total de vértices da rede. 
Dataset:
Cancer Gene Census (CGC) of the COSMIC database.
Organismo Utilizado:
Humano, dados do câncer de mama.
Resultado:
Comparação com os métodos da literatura mostrou resultados superiores (quando considerados os 50 melhores genes). Em relação a descobertas de cancers drivers novos o método apresentou alguns. O método como falado pelo autor deve ser utilizado de maneira complementar com os outros métodos para uma melhor conclusão a respeito dos cancer drivers.
 },
	file = {Chaudhary et al. - 2021 - NIBNA A network-based node importance approach fo.pdf:/home/matheus/Zotero/storage/2RHRMMEZ/Chaudhary et al. - 2021 - NIBNA A network-based node importance approach fo.pdf:application/pdf},
}

@article{noh_deltanets_2021,
	title = {{DeltaNeTS}+: elucidating the mechanism of drugs and diseases using gene expression and transcriptional regulatory networks},
	volume = {22},
	issn = {1471-2105},
	shorttitle = {{DeltaNeTS}+},
	url = {https://bmcbioinformatics.biomedcentral.com/articles/10.1186/s12859-021-04046-2},
	doi = {10.1186/s12859-021-04046-2},
	abstract = {Abstract
            
              Background
              Knowledge on the molecular targets of diseases and drugs is crucial for elucidating disease pathogenesis and mechanism of action of drugs, and for driving drug discovery and treatment formulation. In this regard, high-throughput gene transcriptional profiling has become a leading technology, generating whole-genome data on the transcriptional alterations caused by diseases or drug compounds. However, identifying direct gene targets, especially in the background of indirect (downstream) effects, based on differential gene expressions is difficult due to the complexity of gene regulatory network governing the gene transcriptional processes.
            
            
              Results
              
                In this work, we developed a network analysis method, called DeltaNeTS+, for inferring direct gene targets of drugs and diseases from gene transcriptional profiles. DeltaNeTS+ uses a gene regulatory network model to identify direct perturbations to the transcription of genes using gene expression data. Importantly, DeltaNeTS+ is able to combine both steady-state and time-course expression profiles, as well as leverage information on the gene network structure. We demonstrated the power of DeltaNeTS+ in predicting gene targets using gene expression data in complex organisms, including
                Caenorhabditis elegans
                and human cell lines (T-cell and Calu-3). More specifically, in an application to time-course gene expression profiles of influenza A H1N1 (swine flu) and H5N1 (avian flu) infection, DeltaNeTS+ shed light on the key differences of dynamic cellular perturbations caused by the two influenza strains.
              
            
            
              Conclusion
              
                DeltaNeTS+ is a powerful network analysis tool for inferring gene targets from gene expression profiles. As demonstrated in the case studies, by incorporating available information on gene network structure, DeltaNeTS+ produces accurate predictions of direct gene targets from a small sample size ({\textasciitilde} 10 s). Integrating static and dynamic expression data with transcriptional network structure extracted from genomic information, as enabled by DeltaNeTS+, is crucial toward personalized medicine, where treatments can be tailored to individual patients. DeltaNeTS+ can be freely downloaded from
                http://www.github.com/cabsel/deltanetsplus
                .},
	language = {en},
	number = {1},
	urldate = {2021-03-08},
	journal = {BMC Bioinformatics},
	author = {Noh, Heeju and Hua, Ziyi and Chrysinas, Panagiotis and Shoemaker, Jason E. and Gunawan, Rudiyanto},
	month = dec,
	year = {2021},
	pages = {108},
	annote = {DeltaNeTS+: elucidating the mechanism of drugs and diseases using gene expression and transcriptional regulatory networks
Método:
DeltaNetS+ é um método de análise de rede gênica que utiliza equações diferenciais ordinais para a modelagem:



Essa equação (1) pode ser reescrita na forma:



São realizadas diversas operações e substituições no método, até obter uma forma matricial para a solução do método, sendo possível a inclusão de informações a priori (como por exemplo o conjunto de TFs).
Dataset:
Gene Expression Omnibus (accession number: GSE2180 and GSE51162)
GEO (accession number: GSE17851)
 Agilent Whole Human Genome 4×44 K microarray data from GSE33264 for IFN-α and IFN-γ experiments and from GSE37571 and GSE33142 for H1N1 and H5N1 experiments.
Organismo Utilizado:
Caenorhabditis elegans (embrião)
human cord blood CD4+T cells
human lung cancer Calu-3 cells
Humanos contaminados por H1N1 e H5N1
Resultado:
O método DeltaNeTS+ é uma melhoria do antigo DeltaNeTS+ o qual foram incluídos como informação a priori a estrutura da rede gênica e utilizar séries temporais como input no dataset.
Possui semelhanças com outro método de inferência gênica (TSNI).
DeltaNeTS+ conseguiu predizer diversos grupos de gênes alvos (TFs) com uma amostra pequena de tempo.
As aplicações do método são diversas já que com a predição de genes alvos é possível entender a atuação de uma droga ou doença no organismo (como foi feita utilizando dados da H1N1 e H5N1).
 },
	file = {Noh et al. - 2021 - DeltaNeTS+ elucidating the mechanism of drugs and.pdf:/home/matheus/Zotero/storage/BXAWHRXN/Noh et al. - 2021 - DeltaNeTS+ elucidating the mechanism of drugs and.pdf:application/pdf},
}

@article{delgado_computational_2019,
	title = {Computational methods for {Gene} {Regulatory} {Networks} reconstruction and analysis: {A} review},
	volume = {95},
	issn = {09333657},
	shorttitle = {Computational methods for {Gene} {Regulatory} {Networks} reconstruction and analysis},
	url = {https://linkinghub.elsevier.com/retrieve/pii/S0933365718303865},
	doi = {10.1016/j.artmed.2018.10.006},
	language = {en},
	urldate = {2021-02-25},
	journal = {Artificial Intelligence in Medicine},
	author = {Delgado, Fernando M. and Gómez-Vela, Francisco},
	month = apr,
	year = {2019},
	keywords = {passo a passo de como obter uma rede regulatoria},
	pages = {133--145},
	annote = {Computational methods for Gene Regulatory Networks reconstruction and analysis: A review
Método:
É um review sobre inferência de redes regulatórias. Apresenta diversos métodos e como é obtido a inferência dessas redes por diversos métodos.
Dataset:
Não é utilizado nenhum dataset.
Organismo Utilizado:
Nenhum organismo foi utilizado.
Resultado:
São discutidos diversas abordagens com exemplos e uma visão geral da metodologia.

(a) Information theory, (b) Boolean networks, (c) Differential equations models, (d) Bayesian and (e) Neural models.


 },
	file = {Delgado e Gómez-Vela - 2019 - Computational methods for Gene Regulatory Networks.pdf:/home/matheus/Zotero/storage/3ZXKB5UK/Delgado e Gómez-Vela - 2019 - Computational methods for Gene Regulatory Networks.pdf:application/pdf},
}

@article{hagolani_evolution_2021,
	title = {On the evolution and development of morphological complexity: {A} view from gene regulatory networks},
	volume = {17},
	issn = {1553-7358},
	shorttitle = {On the evolution and development of morphological complexity},
	url = {https://dx.plos.org/10.1371/journal.pcbi.1008570},
	doi = {10.1371/journal.pcbi.1008570},
	abstract = {How does morphological complexity evolve? This study suggests that the likelihood of mutations increasing phenotypic complexity becomes smaller when the phenotype itself is complex. In addition, the complexity of the genotype-phenotype map (GPM) also increases with the phenotypic complexity. We show that complex GPMs and the above mutational asymmetry are inevitable consequences of how genes need to be wired in order to build complex and robust phenotypes during development.
            We randomly wired genes and cell behaviors into networks in EmbryoMaker. EmbryoMaker is a mathematical model of development that can simulate any gene network, all animal cell behaviors (division, adhesion, apoptosis, etc.), cell signaling, cell and tissues biophysics, and the regulation of those behaviors by gene products. Through EmbryoMaker we simulated how each random network regulates development and the resulting morphology (i.e. a specific distribution of cells and gene expression in 3D). This way we obtained a zoo of possible 3D morphologies. Real gene networks are not random, but a random search allows a relatively unbiased exploration of what is needed to develop complex robust morphologies. Compared to the networks leading to simple morphologies, the networks leading to complex morphologies have the following in common: 1) They are rarer; 2) They need to be finely tuned; 3) Mutations in them tend to decrease morphological complexity; 4) They are less robust to noise; and 5) They have more complex GPMs. These results imply that, when complexity evolves, it does so at a progressively decreasing rate over generations. This is because as morphological complexity increases, the likelihood of mutations increasing complexity decreases, morphologies become less robust to noise, and the GPM becomes more complex. We find some properties in common, but also some important differences, with non-developmental GPM models (e.g. RNA, protein and gene networks in single cells).},
	language = {en},
	number = {2},
	urldate = {2021-03-01},
	journal = {PLOS Computational Biology},
	author = {Hagolani, Pascal F. and Zimm, Roland and Vroomans, Renske and Salazar-Ciudad, Isaac},
	editor = {Lavrik, Inna},
	month = feb,
	year = {2021},
	pages = {e1008570},
	annote = {On the evolution and development of morphological complexity: A view from gene regulatory networks
Método:

The computational model used here is EmbryoMaker.

Dataset:
São realizadas simulações com o software EmbryoMaker.
Organismo Utilizado:
Simulações com o software EmbryoMaker.
Resultado:
Mostram que o comportamento complexo dos tecidos são raros de ocorrer. Esse comportamento complexo é analisado baseado na variação do angulo das células (que possui como parâmetro a distância entre as células).
Comportamentos 'simples' da morfologia da rede ocorrem com mais facilidade, isto é, em diferentes inicializações das simulações foram geradas morfologias similares, sendo morfologias mais 'simples'.

Our results can be summarized as follows: 1) Most developmental mechanisms do not produce complex morphologies; 2) Those that do, can only produce them for a relatively narrow range of their parameter values; 3) complex morphologies are developmentally unstable; 4) Simple morphologies can be produced by different developmental mechanisms while complex morphologies often cannot; 5) Complex morphologies are more different from each other than simple morphologies; 6) Mutational asymmetry is common and increases with morphological complexity, that is mutations are more likely to decrease than increase complexity; 7) Developmental mechanisms that lead to complex morphologies tend to have more complex GPMs than developmental mechanisms that lead to simple morphologies; and 8) The developmental mechanisms of complex morphologies, when mutation occurs, can lead to more diverse morphological variation than the developmental mechanisms that can only produce simple morphologies.

 },
	file = {journal.pcbi.1008570.pdf:/home/matheus/Zotero/storage/TI99DE4Y/journal.pcbi.1008570.pdf:application/pdf;Texto completo:/home/matheus/Zotero/storage/EHE4D8PD/Hagolani et al. - 2021 - On the evolution and development of morphological .pdf:application/pdf},
}

@article{zito_gene_2021,
	title = {Gene {Set} {Enrichment} {Analysis} of {Interaction} {Networks} {Weighted} by {Node} {Centrality}},
	volume = {12},
	issn = {1664-8021},
	url = {https://www.frontiersin.org/articles/10.3389/fgene.2021.577623/full},
	doi = {10.3389/fgene.2021.577623},
	abstract = {Gene set enrichment analysis (GSEA) is a powerful tool to associate a disease phenotype to a group of genes/proteins. GSEA attributes a specific weight to each gene/protein in the input list that depends on a metric of choice, which is usually represented by quantitative expression data. However, expression data are not always available. Here, GSEA based on betweenness centrality of a protein–protein interaction (PPI) network is described and applied to two cases, where an expression metric is missing. First, personalized PPI networks were generated from genes displaying alterations (assessed by array comparative genomic hybridization and whole exome sequencing) in four probands bearing a 16p13.11 microdeletion in common and several other point variants. Patients showed disease phenotypes linked to neurodevelopment. All networks were assembled around a cluster of first interactors of altered genes with high betweenness centrality. All four clusters included genes known to be involved in neurodevelopmental disorders with different centrality. Moreover, the GSEA results pointed out to the evidence of “cell cycle” among enriched pathways. Second, a large interaction network obtained by merging proteomics studies on three neurodegenerative disorders was analyzed from the topological point of view. We observed that most central proteins are often linked to Parkinson’s disease. The selection of these proteins improved the specificity of GSEA, with “Metabolism of amino acids and derivatives” and “Cellular response to stress or external stimuli” as top-ranked enriched pathways. In conclusion, betweenness centrality revealed to be a suitable metric for GSEA. Thus, centrality-based GSEA represents an opportunity for precision medicine and network medicine.},
	urldate = {2021-02-28},
	journal = {Frontiers in Genetics},
	author = {Zito, Alessandra and Lualdi, Marta and Granata, Paola and Cocciadiferro, Dario and Novelli, Antonio and Alberio, Tiziana and Casalone, Rosario and Fasano, Mauro},
	month = feb,
	year = {2021},
	pages = {577623},
	annote = {Gene Set Enrichment Analysis of Interaction Networks Weighted by Node Centrality
Método:
Método para 'enriquecer a análise' da rede biológica através de informações topológicas da rede gerada. Diversas outras abordagens deste tipo já foram propostas na última decada.

Several algorithms have been proposed to combine pathway enrichment analysis with network topological information and their performance has been recently reviewed (Ma et al.,2019). Some of them take into account interconnectivity or adjacency information, whereas other consider centrality measures such as degree or betweenness centrality. Nevertheless, all topology-based pathway enrichment analysis methods require an expression metric that indicate whether a gene is differentially expressed in a group comparison.

Busca incluir (enriquecer) a análise de betweness centrality para obter um Rank dos genes observados. Ao utilizar a Transformada de Hill com um threshold houve uma redução da dimensionalidade do número de vértices na rede.
Dataset:

Medical genetics clinics of the ASST Sette Laghi showing clinical phenotypes related to neurodevelopmental disorders.


The public database IMEx2 was queried through Cytoscape using the PSICQUIC standard (the Proteomics Standard Initiative Common QUery InterfaCe). 


 Proteins reported to be associated to Parkinson’s disease (PD), amyotrophic lateral sclerosis (ALS) and Alzheimer’s disease (AD) were extracted from a secondary data analysis by Monti et al. (2018).


 The datasets presented in this study can be found in online repositories. The names of the repository/repositories and accession number(s) are listed hereafter. For aCGH data: DECIPHER4 350680 (Patient 1), 414066 (Patient 2), 414078 (Patient 3) and 318359 (Patient 4). For WES data: European Variation Archive Project: PRJEB41629, Analyses: ERZ1687005. 

 
Organismo Utilizado:
Humano através do dataset 1
Proteoma Homo Sapiens (humano), analisando doenças neurológicas.
Resultado:
Utilizando essa análise enriquecida foi possível reduzir a dimensionalidade do problema em números de vértices da rede já que eram selecionados apenas após um threshold (tal qual um Rank baseado nessa métrica). E selecionar um conjunto representativo de genes para a geração da rede.},
	file = {fgene-12-577623.pdf:/home/matheus/Zotero/storage/3GWA4QA2/fgene-12-577623.pdf:application/pdf;Texto completo:/home/matheus/Zotero/storage/Q5XKM5KX/Zito et al. - 2021 - Gene Set Enrichment Analysis of Interaction Networ.pdf:application/pdf},
}

@article{akesson_comhub_2021,
	title = {{ComHub}: {Community} predictions of hubs in gene regulatory networks},
	volume = {22},
	issn = {1471-2105},
	shorttitle = {{ComHub}},
	url = {https://bmcbioinformatics.biomedcentral.com/articles/10.1186/s12859-021-03987-y},
	doi = {10.1186/s12859-021-03987-y},
	abstract = {Abstract
            
              Background
              Hub transcription factors, regulating many target genes in gene regulatory networks (GRNs), play important roles as disease regulators and potential drug targets. However, while numerous methods have been developed to predict individual regulator-gene interactions from gene expression data, few methods focus on inferring these hubs.
            
            
              Results
              We have developed ComHub, a tool to predict hubs in GRNs. ComHub makes a community prediction of hubs by averaging over predictions by a compendium of network inference methods. Benchmarking ComHub against the DREAM5 challenge data and two independent gene expression datasets showed a robust performance of ComHub over all datasets.
            
            
              Conclusions
              In contrast to other evaluated methods, ComHub consistently scored among the top performing methods on data from different sources. Lastly, we implemented ComHub to work with both predefined networks and to perform stand-alone network inference, which will make the method generally applicable.},
	language = {en},
	number = {1},
	urldate = {2021-02-28},
	journal = {BMC Bioinformatics},
	author = {Åkesson, Julia and Lubovac-Pilav, Zelmina and Magnusson, Rasmus and Gustafsson, Mika},
	month = dec,
	year = {2021},
	pages = {58},
	annote = {ComHub: Community predictions of hubs in gene regulatory networks
Método:
ComHub é um método que incorpora diversos outros métodos de inferência de redes regulatórias em apenas um método com o objetivo de realizar a inferência de genes regulatórios com uma alta taxa de saída, isto é, um gene regula diversos outros genes (os chamados hubs).
O método ComHub possui três etapas:
1) A rede regulatória é inferida a partir de 6 métodos (DREAM5)
2) É realizado um threshold do número de arestas preditas, selecionando apenas as arestas que maximizem a correlação entre os genes regulatórios
3) É calculado o número médio de genes regulados através dos métodos

A saída do método são os melhores genes da terceira etapa (organizado por ordem decrescente).
Dataset:
DREAM5 para validação do método
Bacillus subtilis com uma rede padrão ouro para validação do método
Atlas da Proteína Humana, sendo o dataset composto por observações dos tecidos e e celulas humanas, também possuíndo uma rede padrão ouro (STRINGdb)
Organismo Utilizado:
DREAM5
Bacillus subtilis
Atlas da Proteína Humana
Resultado:
O método proposto ComHub mostrou-se superior aos métodos apresentados no DREAM5 e WGCNA (preditor de hubs). A combinação dos métodos, análise da correlação dos resultados dos métodos proporcionou desempenho superior ao método ComHub.},
	file = {s12859-021-03987-y.pdf:/home/matheus/Zotero/storage/B7LZVZSN/s12859-021-03987-y.pdf:application/pdf;Texto completo:/home/matheus/Zotero/storage/ZPHQZ82R/Åkesson et al. - 2021 - ComHub Community predictions of hubs in gene regu.pdf:application/pdf},
}

@article{zhu_variable_2021,
	title = {A variable selection approach for highly correlated predictors in high-dimensional genomic data},
	issn = {1367-4803, 1460-2059},
	url = {https://academic.oup.com/bioinformatics/advance-article/doi/10.1093/bioinformatics/btab114/6146520},
	doi = {10.1093/bioinformatics/btab114},
	abstract = {Abstract
            
              Motivation
              In genomic studies, identifying biomarkers associated with a variable of interest is a major concern in biomedical research. Regularized approaches are classically used to perform variable selection in high-dimensional linear models. However, these methods can fail in highly correlated settings.
            
            
              Results
              We propose a novel variable selection approach called WLasso, taking these correlations into account. It consists in rewriting the initial high-dimensional linear model to remove the correlation between the biomarkers (predictors) and in applying the generalized Lasso criterion. The performance of WLasso is assessed using synthetic data in several scenarios and compared with recent alternative approaches. The results show that when the biomarkers are highly correlated, WLasso outperforms the other approaches in sparse high-dimensional frameworks. The method is also illustrated on publicly available gene expression data in breast cancer.
            
            
              Availability
              Our method is implemented in the WLasso R package which is available from the Comprehensive R Archive Network (CRAN).
            
            
              Supplementary information
              Supplementary material is available at Bioinformatics online.},
	language = {en},
	urldate = {2021-02-28},
	journal = {Bioinformatics},
	author = {Zhu, Wencan and Lévy-Leduc, Céline and Ternès, Nils},
	editor = {Valencia, Alfonso},
	month = feb,
	year = {2021},
	pages = {btab114},
	annote = {A variable selection approach for highly correlated predictors in high-dimensional genomic data
Método:
WLasso (Whitening Lasso) - Inicialmente são removidas as correlações entre os TF e depois é aplicado o método LASSO generalizado.
O método é superior ao anterior porque a variável {\textbackslash}epsilon (que é o resíduo da regressão linear) não é alterado, ou seja, não há uma variação do ruído e consequentemente faz com que a restrição do LASSO seja satisfeita em quase totalidade. Essa mudança é na proposta de uma transformação no modelo.
Dataset:
Gene Expression Omnibus database (www.ncbi.nlm.nih.gov/geo), with accession code GSE2990,
Organismo Utilizado:
Dataset sobre informações de cancêr de mama
Resultado:
O método mostrou-se superior que o melhor método anterior.},
	file = {Zhu et al. - 2021 - A variable selection approach for highly correlate.pdf:/home/matheus/Zotero/storage/BXUTU78Z/Zhu et al. - 2021 - A variable selection approach for highly correlate.pdf:application/pdf},
}

@article{pomeroy_predictive_2021,
	title = {A predictive model of gene expression reveals the role of network motifs in the mating response of yeast},
	volume = {14},
	issn = {1945-0877, 1937-9145},
	url = {https://stke.sciencemag.org/lookup/doi/10.1126/scisignal.abb5235},
	doi = {10.1126/scisignal.abb5235},
	abstract = {Cells use signaling pathways to receive and process information about their environment. These nonlinear systems rely on feedback and feedforward regulation to respond appropriately to changing environmental conditions. Mathematical models describing signaling pathways often lack predictive power because they are not trained on data that encompass the diverse time scales on which these regulatory mechanisms operate. We addressed this limitation by measuring transcriptional changes induced by the mating response in
              Saccharomyces cerevisiae
              exposed to different dynamic patterns of pheromone. We found that pheromone-induced transcription persisted after pheromone removal and showed long-term adaptation upon sustained pheromone exposure. We developed a model of the regulatory network that captured both characteristics of the mating response. We fit this model to experimental data with an evolutionary algorithm and used the parameterized model to predict scenarios for which it was not trained, including different temporal stimulus profiles and genetic perturbations to pathway components. Our model allowed us to establish the role of four architectural elements of the network in regulating gene expression. These network motifs are incoherent feedforward, positive feedback, negative feedback, and repressor binding. Experimental and computational perturbations to these network motifs established a specific role for each in coordinating the mating response to persistent and dynamic stimulation.},
	language = {en},
	number = {670},
	urldate = {2021-02-28},
	journal = {Science Signaling},
	author = {Pomeroy, Amy E. and Peña, Matthew I. and Houser, John R. and Dixit, Gauri and Dohlman, Henrik G. and Elston, Timothy C. and Errede, Beverly},
	month = feb,
	year = {2021},
	pages = {eabb5235},
	annote = {A predictive model of gene expression reveals the role of network motifs in the mating response of yeast
Método:
Inicialmente as células são expostas a um equipamento florescente por um certo período de tempo (o qual possuí diferenças de exposição). São realizados diversos experimentos em relação ao tempo e exposição do organismo da levedura de cerveja.
Para a modelagem da regulação transcriptocional utilizam a função de Hill (com coeficiente = 2) e são incluídos motifs para a ativação, inibição e feedforward. Para a resolução do problema é proposto um algoritmo genético.
Para entender como funciona a resposta para os estimulos, os motifs são perturbados. Essas perturbações ocorrem de maneira diferente em cada motif estudado. O objetivo deste estudo é verificar o comportamento do sistema em relação a estas mudanças (ativação, inibição, ....). A modelagem matemática aplicada e esse sistema permite predizer este comportamento. Para isso são selecionados os 10\% melhores conjuntos de parâmetros da solução do algoritmo genético.
Utilizam equações ordinárias para cada gene.
Dataset:
Foi gerado em laboratório para o experimento, toda a explicação da preparação e pré processamento biológico está descrito no artigo.
Organismo Utilizado:
Levedura de cerveja
Resultado:
O modelo foi capaz de capturar diferentes comportamentos do sistema em diferentes doses de estimulos, apenas das simulações ocorrem em apenas uma forma de estímulo.
A modelo proposto foi capaz de predizer comportamentos da levedura utilizando um conjunto de parâmetros menor.
 },
	file = {Pomeroy et al. - 2021 - A predictive model of gene expression reveals the .pdf:/home/matheus/Zotero/storage/8R8NUGYQ/Pomeroy et al. - 2021 - A predictive model of gene expression reveals the .pdf:application/pdf},
}

@article{xiao_ems3_2020,
	title = {{EMS3}: {An} {Improved} {Algorithm} for {Finding} {Edit}-distance {Based} {Motifs}},
	issn = {1545-5963, 1557-9964, 2374-0043},
	shorttitle = {{EMS3}},
	url = {https://ieeexplore.ieee.org/document/9198128/},
	doi = {10.1109/TCBB.2020.3024222},
	urldate = {2021-02-25},
	journal = {IEEE/ACM Transactions on Computational Biology and Bioinformatics},
	author = {Xiao, Peng and Cai, Xingyu and Rajasekaran, Sanguthevar},
	year = {2020},
	pages = {1--1},
	annote = {EMS3: An Improved Algorithm for Finding Edit-distance Based Motifs
Método:
Em teoria da informação, a distância Levenshtein ou distância de edição entre dois "strings" (duas sequências de caracteres) é dada pelo número mínimo de operações necessárias para transformar um string no outro. Entendemos por "operações" a inserção, deleção ou substituição de um carácter.
O novo método (que é a atualização do método EMS2) apresenta melhorias em relação a redução da dimensionalidade do problema (com forma de resolver através da divisão em sub-problemas), avanços teóricos na resolução do problema de encontrar motifs através da distancia de edição entre strings.
 
 
Dataset:
 
Organismo Utilizado:
 
Resultado:
 },
	file = {Xiao et al. - 2020 - EMS3 An Improved Algorithm for Finding Edit-dista.pdf:/home/matheus/Zotero/storage/U6I43CXD/Xiao et al. - 2020 - EMS3 An Improved Algorithm for Finding Edit-dista.pdf:application/pdf},
}

@article{pedraza_noise_2005,
	title = {Noise {Propagation} in {Gene} {Networks}},
	volume = {307},
	issn = {0036-8075, 1095-9203},
	url = {https://www.sciencemag.org/lookup/doi/10.1126/science.1109090},
	doi = {10.1126/science.1109090},
	language = {en},
	number = {5717},
	urldate = {2021-02-25},
	journal = {Science},
	author = {Pedraza, J. M.},
	month = mar,
	year = {2005},
	pages = {1965--1969},
	annote = {Noise Propagation in Gene Networks
Método:
É proposto um modelo estocástico baseado no modelo de Langevin no qual são incluídos três tipos de ruídos na modelagem. O modelo é baseado em equações diferenciais (EDO).

Our model is based on the Langevin approach (7, 12, 13), in which the deterministic differential equations describing the dynamics of the system are modified by adding stochastic terms (6, 14) that reflect the two sources of noise: intrinsic fluctuations due to low numbers of molecules and global fluctuations in cellular components that change the reaction rates for all genes.

O ruído presente nas observações é decomposto em três formas, o ruído do gene, o ruído transmitido pelas ligações dos genes e por fim o ruído global gerado pela rede:

We can decompose the noise in each gene into three components: intrinsic noise in that specific gene, transmitted intrinsic noise from the upstream genes, and global noise modulated by the network
FIRST: The intrinsic noise (Fig. 3A, green arrows) arises mostly from low copy numbers of mRNAs (2, 3, 16).
SECOND: The second noise component, the transmitted intrinsic noise (Fig. 3A, blue arrows), includes the transmitted fluctuations of each of the upstream genes in the network and depends on three factors: the intrinsic noise for that upstream gene; the effect of temporal averaging (6, 16), which depends on the lifetimes of the proteins; and the susceptibility of the downstream gene to the upstream one.
THIRD: The last component of the noise reflects the effect of the global fluctuations. It includes the direct effect on the gene, the transmitted effect from the upstream genes (Fig. 3A), and the effect of the correlated transmission, which depends on the interactions.

O ruído intrínseco não é correlacionado, já o ruído global é correlacionado, dessa maneira não pode simplesmente somar.
O ruído é apresentado em cada ligação gene -{\textgreater} gene, o que deixa a modelagem muito fina e complexa. Devido a isso, a utilização de EDOs para a modelagem possui como desvantagem a alta complexidade computacional e a necessidade de muitos dados para testes e validação do modelo o que nem sempre é disponibilizado.
Dataset:
Foi utilizado uma rede sintética de 4 genes, baseadas na rede gênica da Escherichia coli.
Organismo Utilizado:
Escherichia coli através de uma rede sintética, sendo 3 genes da Escherichia coli.

The first gene, lacI, is constitutively transcribed and codes for the lactose repressor, which down-regulates the transcription of the second gene, tetR, that is bicistronically transcribed with cfp. The gene product of tetR, the tetracycline repressor, in turn downregulates the transcription of the third gene, reported by YFP. The fourth gene, rfp, is under the control of the lambda repressor promoter PL, which is a strong constitutive promoter. Because this gene is not part of the cascade, this reporter was used to evaluate the effect of global fluctuations. This cascade was used to measure how fluctuations in an upstream gene (tetR, reported by CFP) transmit downstream (and are reported by YFP). The inducers isopropyl-b-D-thiogalactopyranoside (IPTG) and anhydrotetracycline (ATC) bind to and inhibit the repression of the lactose and tetracycline repressors, respectively, and were used to tune, respectively, the expression of the upstream gene and the coupling between the two genes.

Resultado:
Mostraram que o ruído presente nos genes afetam o nível de expressão gênica desses genes e esse ruído pode ser transmitido e calculado através de modelagem matemática. Também foi mostrado que esse ruído é correlacionado com o componente global que é modulado pela rede. Os resultados mostraram que é necessário desenvolver modelos tolerantes a ruídos.

Thus, the main features of the noise in this gene are determined by the network interactions, rather than by its own intrinsic noise characteristics.
},
	file = {Pedraza - 2005 - Noise Propagation in Gene Networks.pdf:/home/matheus/Zotero/storage/DBSKQZPJ/Pedraza - 2005 - Noise Propagation in Gene Networks.pdf:application/pdf},
}

@article{friedman_inferring_2012,
	title = {Inferring {Correlation} {Networks} from {Genomic} {Survey} {Data}},
	volume = {8},
	issn = {1553-7358},
	url = {https://dx.plos.org/10.1371/journal.pcbi.1002687},
	doi = {10.1371/journal.pcbi.1002687},
	language = {en},
	number = {9},
	urldate = {2021-02-25},
	journal = {PLoS Computational Biology},
	author = {Friedman, Jonathan and Alm, Eric J.},
	editor = {von Mering, Christian},
	month = sep,
	year = {2012},
	pages = {e1002687},
	annote = {Inferring Correlation Networks from Genomic Survey Data
Método:
O viés está presente tanto em métodos paramétricos como em métodos não-paramétricos.

It is important to note that these compositional effects are not limited to Pearson correlation, and are also present in nonparametric correlations, such as Spearman correlations 

Mesmo utilizando formas randomicas não é possível identificar tais correlações de maneira significativa.

Thus, randomization is not sufficent to establish significance of observed correlations, nor is it possible to identify correlations by comparing against (or ‘‘subtracting out’’) a randomized network.

Método chamado de SparCC (Sparse Correlations for Compositional data):

SparCC estimates the linear Pearson correlations between the log-transformed components. Since these correlations cannot be computed exactly (as described below), SparCC utilizes an approximation which is based on the assumptions that: (i) the number of different components (e.g., OTUs or genes) is large, and (ii) the true correlation network is ‘sparse’ (i.e., most components are not strongly correlated with each other).

São utilizados dados em sua forma logaritma (transformada razão-log) entre os OTUs (operational taxonomic unit), isto é, unidade taxonômica operacional é uma definição operacional usada para classificar grupos de indivíduos intimamente relacionados.
O método é uma aproximação, visto que as equações possuem mais variáveis desconhecidas do que equações, gerando uma aproximação. Para melhores resultados é necessário fazer o método de forma iterativa.
O método utiliza apenas correlação linear entre as comunidades, outras unidades de medida podem ser aplicadas.
Dataset:
Utilizam genomic Survey Data (GSD) para o desenvolvimento do método.
Simulações iniciais e Human Microbiome Project (HMP) 
 HMPOC dataset, build 1.0, available at http://hmpdacc.org/ 
Organismo Utilizado:
Microbioma Humano obtido através do Human Microbiome Project (HMP) 
Resultado:
SparCC foi capaz de identificar estruturas filogenéticas no HMP, e gerou redes mais próximas das redes golds disponíveis (através de simulações).
O método é indicado para correlações esparsas (mas também foi robusto quando houve uma sobreposição de 30\%).
Em aberto:
Tratamento adequado para valores nulos.},
	file = {pcbi.1002687.pdf:/home/matheus/Zotero/storage/6ELYNIFD/pcbi.1002687.pdf:application/pdf;Texto completo:/home/matheus/Zotero/storage/T8MPBUDP/Friedman e Alm - 2012 - Inferring Correlation Networks from Genomic Survey.pdf:application/pdf},
}

@article{pernice_how_2011,
	title = {How {Structure} {Determines} {Correlations} in {Neuronal} {Networks}},
	volume = {7},
	issn = {1553-7358},
	url = {https://dx.plos.org/10.1371/journal.pcbi.1002059},
	doi = {10.1371/journal.pcbi.1002059},
	language = {en},
	number = {5},
	urldate = {2021-02-25},
	journal = {PLoS Computational Biology},
	author = {Pernice, Volker and Staude, Benjamin and Cardanobile, Stefano and Rotter, Stefan},
	editor = {Sporns, Olaf},
	month = may,
	year = {2011},
	pages = {e1002059},
	annote = {How Structure Determines Correlations in Neuronal Networks
É obtido evidências que a topologia da rede neural afeta as correlações da rede.

Através da imagem é possível verificar uma comunicação direta entre os dois vértices (azul escuro) e uma comunicação compartilhada (ciano).
Também é possível verificar que há toda uma estrutura que pode conceder essa ligação, sendo a fig. B (laranja e amarelo) ou ocorrer ativações externas (verde claro e escuro).
Porém nem todas as ligações contribuem para essa correlação (cinza).
Método:
Foi utilizado o modelo de Hawkes, para obter as taxas estacionárias e as correlações do modelo de interações lineares.
Para a rede são considerados N neurônios, com N\_E neurônios excitatórios e N\_I neurônios inibatórios. É utilizado um modelo de Poisson para a inclusão do tempo na verificação dos 'spikes'.
São simuladas as redes com os parâmetros apresentado no modelo proposto.
Dataset:
Simulação de redes neurais. São simuladas diversos tipos de redes, desde rede aleatórias como redes de aneis onde são separados os neurônios ativadores e inibidores.
Organismo Utilizado:
São simuladas as redes neurais.
Resultado:
A distribuição topológica dos motifs afetam a distribuição de correlação. Como resultado são propostas diversas expressões analíticas para exemplificar alguns resultados.
São propostas novas métricas de estabilidade da rede, envolvendo o espectro da rede. Para redes grandes e com propriedades de inibição existe somente um autovalor: e o restante do espectro é uma bola no plano complexo. Já o raio do espectro é dado por: .
O valor do maior autovalor N\_u corresponderá a média de entrada de um neurônio, enquanto o raio (p) corresponde com a variância do neurônio. A rede será considerada estável quando nem o autovalor N\_u e o raio (p) é maior que 1, ou seja, são estritamente menor que 1 e além disso a estabilidade da rede esta relacionada com o raio do espectro no plano complexo.
Em aberto:
O estudo do modelo de Hawkes de forma genérica (foi estudo e é uma sugestão de estudo).
O estudo da conectividade da rede (assortividade da rede) parece ser interessante.
Informações sobre como a estrutura da rede afeta a correlação e o estudo de motifs individuais para a rede [An OMICs based meta-analysis to support infection state stratification/2021].

Some information about how network architecture influences correlations can be obtained from examining contributions of individual motifs. In patchy networks mainly the contributions of symmetric motifs are higher, when excitatory and inhibitory neurons are separated, and therefore responsible for the correlation increase. In networks with hubs also asymmetric motifs play a role.
},
	file = {pcbi.1002059.pdf:/home/matheus/Zotero/storage/98KA278U/pcbi.1002059.pdf:application/pdf;Texto completo:/home/matheus/Zotero/storage/AD5P3D56/Pernice et al. - 2011 - How Structure Determines Correlations in Neuronal .pdf:application/pdf},
}

@article{hornung_noise_2005,
	title = {Noise propagation and signaling sensitivity in biological networks: {A} role for positive feedback},
	volume = {preprint},
	issn = {1553-734X, 1553-7358},
	shorttitle = {Noise propagation and signaling sensitivity in biological networks},
	url = {https://dx.plos.org/10.1371/journal.pcbi.0040008.eor},
	doi = {10.1371/journal.pcbi.0040008.eor},
	language = {en},
	number = {2007},
	urldate = {2021-02-25},
	journal = {PLoS Computational Biology},
	author = {Hornung, Gil and Barkai, Naama},
	year = {2005},
	pages = {e8},
	annote = {Noise propagation and signaling sensitivity in biological networks: A role for positive feedback
Método:
O foco do trabalho é para as variações bruscas do sinal (de maneira estocástica), com o objetivo de "represar" esse ruído.
É modelado através de equações diferenciais (EDO) e inicialmente para apenas dois vértices. Utilizando coeficientes de Hill. É trabalhado a nível de sinais.
Um novo vértice é incluído e a partir dessa etapa é analisada o comportamento dos motifs de tamanho 3 em diversas situações.

IMAGEM DO ARTIGO
Screen for Networks with High Susceptibility and Low Noise Amplification(A) Each network with an input node 0, an output node 2, and an intermediate node 1 was assigned random sets of interaction elasticities. The susceptibility and noise amplification were calculated from each elasticity set. Results are shown for (B) linear cascade (1,000 points),(C) two-node negative feedback (1,000 points),(D) coherent FFL (1,000 points),(E) incoherent FFL (1,000 points), and(F) two-node positive feedback (230 points with a stable steady state).(G) All networks were sorted into groups according to the fraction of parameter sets that exhibited stability (gray line). Within each group, the networks were sorted according to the fraction of low noise and high susceptibility parameter sets (relative to a linear cascade) out of the stable sets (blue line). As the number of positive feedback loops increases, stability is decreased.

É utilizado o Teorema da Flutuação Dissipação (Fluctuation Dissipation Theorem) (FDT).
O caso especial é quando o sistema retém o sinal por um tempo mais longo, enquanto o ruído flui rapidamente.
Dataset:

All simulations were based on the Gibson-Bruck [27] modification of Gillespie [28] algorithm.
Input noise was implemented via transcription from a low copy mRNA with a short half life.

Organismo Utilizado:

A specific example for such a network is involved in nitrogen homeostasis in yeast. 

Utilizou como exemplo a rede da levedura de cerveja.
Resultado:

Analytical analysis [3,13] revealed that noise propagation depends on two factors: the sensitivity to changes in input (susceptibility) on the one hand, and the averaging time [3,13] on the other hand. In the absence of feedback, this averaging time depends only on degradation rate.
 However, both negative and positive feedbacks impact this averaging time:  negative feedback accelerates the dynamics [23] and consequently it reduces time averaging and does not buffer against noise. In contrast, positive feedback delays the kinetics leading to attenuation of propagated noise. 

 
 },
	file = {pcbi.0040008.pdf:/home/matheus/Zotero/storage/HT44Q6CL/pcbi.0040008.pdf:application/pdf;Texto completo:/home/matheus/Zotero/storage/GGIJGP9Y/Hornung e Barkai - 2005 - Noise propagation and signaling sensitivity in bio.pdf:application/pdf},
}

@article{prill_dynamic_2005,
	title = {Dynamic {Properties} of {Network} {Motifs} {Contribute} to {Biological} {Network} {Organization}},
	volume = {3},
	issn = {1545-7885},
	url = {https://dx.plos.org/10.1371/journal.pbio.0030343},
	doi = {10.1371/journal.pbio.0030343},
	language = {en},
	number = {11},
	urldate = {2021-02-25},
	journal = {PLoS Biology},
	author = {Prill, Robert J and Iglesias, Pablo A and Levchenko, Andre},
	editor = {Lander, Arthur},
	month = oct,
	year = {2005},
	pages = {e343},
	annote = {Dynamic Properties of Network Motifs Contribute to Biological Network Organization
Método: 
Buscam explicar porque alguns motifs são muito (ou pouco) representado em redes biológicas reais. São analisados motifs de tamanho 3 e 4 (por motivos de complexidade computacional) e através destes é discutido as propriedades estruturais da rede. Além disso, a justificativa é que motifs iguais podem possuir dinâmicas diferentes na rede.
Buscam analisar as propriedades de estabilidade da rede em escala pequena de perturbações (ruídos), quando é citado variações pequenas é no caso de variações do tipo linear.
Utilizam o valor de estabilidade estrutural (structural stability score) (SSS) que é a probabilidade do sistema voltar ao estado estacionário após uma pequena perturbação. 
Utilizaram equações diferencias (EDO) para a sua modelagem dos motifs, para encontrar os motifs utilizaram o software Mfinder 1.1
Dataset:
Foi disponibilizado por um outro autor (esta em agradecimentos).
Organismo Utilizado:
Escherichia coli (bactéria)
Saccharomyces cerevisiae (levedura de cerveja)
STKE
Drosophila melanogaster (mosca) rede transcricional de desenvolvimento
Caenorhabditis elegans (nematódeo) rede neural. Resultado:
Ao utilizar o valor do SSS é possível obter três faixas de estabilidade dos motifs: muito robustos (SSS=1), robustez moderada (SSS {\textbackslash}aprox 0.4) e onde não é possível garantir a estabilidade dos motifs (SSS{\textless}0.2).
A estabilidade global da rede é afetada através da estabilidade dos subsistemas da rede (motifs).
A evolução da rede leva em consideração a sua estabilidade, ou seja, em subgrafos estáveis (alto SSS) o sinal não necessita de grande intensidade quando comparado com evoluções não-estáveis, onde é necessário um sinal ponderado.
A correlação entre os motifs super-representados e o valor SSS sugere que é uma restrição comum em todas as redes e juntamente com outros requisitos funcionais, pode influenciar significativamente a probabilidade de que um determinado motif seja selecionado. E devido a isso a selação desse tipo de motif é proibitiva na evolução da rede, suprimindo os seus benefícios.
Sugerem que a estabilidade dos motifs é uma característica importante para a estrutura da rede biológica.
Em aberto:
Não consideraram o comportamento global da rede, fizeram apenas um estudo específico dos motifs.},
	file = {pbio.0030343.pdf:/home/matheus/Zotero/storage/5U6RGR5Z/pbio.0030343.pdf:application/pdf;Texto completo:/home/matheus/Zotero/storage/W9T7LS2M/Prill et al. - 2005 - Dynamic Properties of Network Motifs Contribute to.pdf:application/pdf},
}

@article{allen_fixation_2021,
	title = {Fixation probabilities in graph-structured populations under weak selection},
	volume = {17},
	issn = {1553-7358},
	url = {https://dx.plos.org/10.1371/journal.pcbi.1008695},
	doi = {10.1371/journal.pcbi.1008695},
	abstract = {A population’s spatial structure affects the rate of genetic change and the outcome of natural selection. These effects can be modeled mathematically using the Birth-death process on graphs. Individuals occupy the vertices of a weighted graph, and reproduce into neighboring vertices based on fitness. A key quantity is the probability that a mutant type will sweep to fixation, as a function of the mutant’s fitness. Graphs that increase the fixation probability of beneficial mutations, and decrease that of deleterious mutations, are said to amplify selection. However, fixation probabilities are difficult to compute for an arbitrary graph. Here we derive an expression for the fixation probability, of a weakly-selected mutation, in terms of the time for two lineages to coalesce. This expression enables weak-selection fixation probabilities to be computed, for an arbitrary weighted graph, in polynomial time. Applying this method, we explore the range of possible effects of graph structure on natural selection, genetic drift, and the balance between the two. Using exhaustive analysis of small graphs and a genetic search algorithm, we identify families of graphs with striking effects on fixation probability, and we analyze these families mathematically. Our work reveals the nuanced effects of graph structure on natural selection and neutral drift. In particular, we show how these notions depend critically on the process by which mutations arise.},
	language = {en},
	number = {2},
	urldate = {2021-02-25},
	journal = {PLOS Computational Biology},
	author = {Allen, Benjamin and Sample, Christine and Steinhagen, Patricia and Shapiro, Julia and King, Matthew and Hedspeth, Timothy and Goncalves, Megan},
	editor = {Traulsen, Arne},
	month = feb,
	year = {2021},
	pages = {e1008695},
	annote = {Fixation probabilities in graph-structured populations under weak selection
Método:
Busca determinar a probabilidade de ocorrência de um comportamento na rede (nascimento-morte ou morte-nascimento). Para modelar, são necessários um conjunto de equações e conforme o número de elementos cresce o número de equações cresce exponencialmente também, o que torna computacionalmente inviável a solução para grandes grafos (algumas exceções são conhecidas na literatura).
O método é aplicado a grafos ponderados arbitrario, onde as mudanças iniciais são geradas a partir de temperatura e de maneira uniforme.
O método foi aplicado em tempo polinomial em grafos de tamanho até 10 e foi utilizado um algoritmo genético para determinar famílias de grafo maiores que 10 vértices.
São utilizados grafos ponderados e o processo de nascimento-morte. A inicialização do modelo pode ocorrer de duas maneiras, uma de maneira uniforme e a outra baseada na temperatura do vértice do grafo.
Fixar as probabilidades em grafos significa todos os genes mutantes serem atingidos nos estágios, baseado na inicialização do grafo.
O objetivo do trabalho é entender como a estrutura da rede afeta os amplificadores e supressores na rede.
Dataset:
Para os grafos de tamanho até 10 vértices foi utilizado o seguinte dataset: http://users.cecs.anu.edu.au/{\textasciitilde}bdm/data/graphs.html
Organismo Utilizado:
Apenas foram utilzados dados simuladores neste trabalho.
Resultado:
São fornecidos as análises dos métodos analíticos e numéricos. Para o método analítico são propostas equações para a determinação das probabilidades fixas.
Estão interessados em grafos que maximizem ou minimezem a ação de amplificar ou suprimir os genes.
Para cada tipo de inicialização são selecionadas as topologias que maximizam ou minimizam os efeitos (baseado nas derivadas).
São estudados diversas topologias de grafos que possuem tal propriedade.},
	file = {journal.pcbi.1008695.pdf:/home/matheus/Zotero/storage/7MF2IL7X/journal.pcbi.1008695.pdf:application/pdf;Texto completo:/home/matheus/Zotero/storage/MQIDS7Q2/Allen et al. - 2021 - Fixation probabilities in graph-structured populat.pdf:application/pdf},
}

@article{haggerty_inferring_2021,
	title = {Inferring the structures of signaling motifs from paired dynamic traces of single cells},
	volume = {17},
	issn = {1553-7358},
	url = {https://dx.plos.org/10.1371/journal.pcbi.1008657},
	doi = {10.1371/journal.pcbi.1008657},
	abstract = {Individual cells show variability in their signaling dynamics that often correlates with phenotypic responses, indicating that cell-to-cell variability is not merely noise but can have functional consequences. Based on this observation, we reasoned that cell-to-cell variability under the same treatment condition could be explained in part by a single signaling motif that maps different upstream signals into a corresponding set of downstream responses. If this assumption holds, then repeated measurements of upstream and downstream signaling dynamics in a population of cells could provide information about the underlying signaling motif for a given pathway, even when no prior knowledge of that motif exists. To test these two hypotheses, we developed a computer algorithm called MISC (Motif Inference from Single Cells) that infers the underlying signaling motif from paired time-series measurements from individual cells. When applied to measurements of transcription factor and reporter gene expression in the yeast stress response, MISC predicted signaling motifs that were consistent with previous mechanistic models of transcription. The ability to detect the underlying mechanism became less certain when a cell’s upstream signal was randomly paired with another cell’s downstream response, demonstrating how averaging time-series measurements across a population obscures information about the underlying signaling mechanism. In some cases, motif predictions improved as more cells were added to the analysis. These results provide evidence that mechanistic information about cellular signaling networks can be systematically extracted from the dynamical patterns of single cells.},
	language = {en},
	number = {2},
	urldate = {2021-02-25},
	journal = {PLOS Computational Biology},
	author = {Haggerty, Raymond A. and Purvis, Jeremy E.},
	editor = {Asthagiri, Anand R.},
	month = feb,
	year = {2021},
	pages = {e1008657},
	annote = {Inferring the structures of signaling motifs from paired dynamic traces of single cells
Método:
Motif Inference from Single Cells (MISC). Determinar os tipos de motifs fundamentais na rede biológicas que geram respostas em células (respostas upstream para downstream), obtidos através do single-cell method, algo que não é comumente feito. São relacionados os sinais de upstream iniciais com a resposta de downstream.
Inicialmente são gerados sinais para três genes X, Y e Z, onde X regula positivamente Z e Y regula negativamente Z, através de equações diferenciais (Equações de Hill-Langmuir), por um tempo. Os detalhes da simulação estão presentes no artigo. 
São considerados apenas motifs de tamanho 3 nas análises por diversos motivos:

 First, there are practical limitations in the number of non-overlapping fluorophores that can be measured simultaneously by live imaging in order to validate predictions. Second, there are practical limitations in computation time involved in increasing the number of intermediate signaling nodes. Third, there is a predominance of well-characterized biological motifs that contain 3 or fewer factors [5,27] Fourth, 3-factor motifs can be combined to create more complicated networks; Lastly, the additional node, Y, can represent a subnetwork of one or more factors. We did not consider feedback to X because X is explicitly provided to the algorithm and reports on its own feedback. 

Dessa forma são considerados 402 tipos de sinais de motifs (entre ativação e inibição) e cada cada conjunto de motifs são dispostos um conjunto de equações diferenciais para modelar seu comportamento e após isso foram geradas simulações Monte Carlo para analisar o comportamento.
A validação do método ocorreu após a análise do comportamento desses 402 tipos de sinais de motifs e foram selecionados três tipos de motifs para essa confirmação.
Dataset:
Fornecido pelos autores, foi utilizado levadura de cerveja obtida através do método single-cell.
Organismo Utilizado:
Levedura de cerveja using time-lapse fluorescence microscopy.
Com algum tipo de stress: açúcar (glicose), osmotico e oxidativo.
Resultado:
Os sinais dos motifs são determinísticos, não há variação estocástica na geração das respostas downstream diferentes.
O método foi capaz de extrair e inferir informações dos sinais dos motifs em células através do comportamento temporal, desde que os dados não sejam aleatórios e estejam pareados.},
	file = {journal.pcbi.1008657.pdf:/home/matheus/Zotero/storage/2NLJG7HA/journal.pcbi.1008657.pdf:application/pdf;Texto completo:/home/matheus/Zotero/storage/5C5SJRJB/Haggerty e Purvis - 2021 - Inferring the structures of signaling motifs from .pdf:application/pdf},
}

@article{zhang_inference_2021,
	title = {Inference of gene regulatory networks using pseudo-time series data},
	issn = {1367-4803, 1460-2059},
	url = {https://academic.oup.com/bioinformatics/advance-article/doi/10.1093/bioinformatics/btab099/6134129},
	doi = {10.1093/bioinformatics/btab099},
	abstract = {Abstract
            
              Motivation
              Inferring gene regulatory networks (GRNs) from high-throughput data is an important and challenging problem in systems biology. Although numerous GRN methods have been developed, most have focused on the verification of the specific data set. However, it is difficult to establish directed topological networks that are both suitable for time-series and non-time-series datasets due to the complexity and diversity of biological networks.
            
            
              Results
              Here, we proposed a novel method, GNIPLR (Gene networks inference based on projection and lagged regression) to infer GRNs from time-series or non-time-series gene expression data. GNIPLR projected gene data twice using the LASSO projection (LSP) algorithm and the linear projection (LP) approximation to produce a linear and monotonous pseudo-time series, and then determined the direction of regulation in combination with lagged regression analyses. The proposed algorithm was validated using simulated and real biological data. Moreover, we also applied the GNIPLR algorithm to the liver hepatocellular carcinoma (LIHC) and bladder urothelial carcinoma (BLCA) cancer expression datasets. These analyses revealed significantly higher accuracy and AUC values than other popular methods.
            
            
              Availability
              The GNIPLR tool is freely available at https://github.com/zyllluck/GNIPLR.
            
            
              Supplementary information
              Supplementary data are available at Bioinformatics online.},
	language = {en},
	urldate = {2021-02-25},
	journal = {Bioinformatics},
	author = {Zhang, Yuelei and Chang, Xiao and Liu, Xiaoping},
	editor = {Martelli, Pier Luigi},
	month = feb,
	year = {2021},
	pages = {btab099},
	annote = {Inference of gene regulatory networks using pseudo-time series data
Método:

GNIPLR (Gene networks inference using projection and lagged regression) using LASSO projection (LSP) and linear projection (LP) to generating the pseudo-time series data and combining the lagged regression to identify regulators and target genes. 

Combinam método de regressão LASSO e projeção linear com o objetivo de inferir redes regulatórias (GRN).
No artigo é descrito o passo-a-passo do método, inicialmente é realizado uma projeção LASSO de um par de genes em um pseudo-tempo (pseudo, porque a primeira e última amostra são espaças de maneira igual e cada espaço desse é tido como um tempo), após a projeção LASSO é realizada uma projeção linear do par de genes e por último a regressão dos pares nessa pseudo-série de tempo.
Dataset:
Datasets utilizados na competição DREAM3 e DREAM4
TCGA database (http://cancergenome.nih.gov/)
Organismo Utilizado:
Levedura de cerveja e E. Coli.
Humano, dois tipos de câncer: câncer de fígado e câncer de bexiga
Resultado:
Resultado foi comparado com outros métodos da literatura para obter um benchmark. Para validação foi utilizados indicadores conhecidos na literatura como curva ROC, AUC, TP, TF, FN e FP (e outros).
O método proposto se mostrou superior em relação aos métodos comparados, em contrapartida a complexidade computacional do método é maior.},
	file = {Zhang et al. - 2021 - Inference of gene regulatory networks using pseudo.pdf:/home/matheus/Zotero/storage/E24TNSBF/Zhang et al. - 2021 - Inference of gene regulatory networks using pseudo.pdf:application/pdf;btab099.pdf:/home/matheus/Zotero/storage/QCXQQIY7/btab099.pdf:application/pdf},
}

@article{myall_omics_2021,
	title = {An {OMICs} based meta-analysis to support infection state stratification},
	issn = {1367-4803, 1460-2059},
	url = {https://academic.oup.com/bioinformatics/advance-article/doi/10.1093/bioinformatics/btab089/6131672},
	doi = {10.1093/bioinformatics/btab089},
	abstract = {Abstract
            
              Motivation
              A fundamental problem for disease treatment is that while antibiotics are a powerful counter to bacteria, they are ineffective against viruses. Often, bacterial and viral infections are confused due to their similar symptoms and lack of rapid diagnostics. With many clinicians relying primarily on symptoms for diagnosis, overuse and misuse of modern antibiotics are rife, contributing to the growing pool of antibiotic resistance. To ensure an individual receives optimal treatment given their disease state and to reduce over-prescription of antibiotics, the host response can in theory be measured quickly to distinguish between the two states. To establish a predictive biomarker panel of disease state (viral/bacterial/no-infection) we conducted a meta-analysis of human blood infection studies using Machine Learning (ML).
            
            
              Results
              We focused on publicly available gene expression data from two widely used platforms, Affymetrix and Illumina microarrays as they represented a significant proportion of the available data. We were able to develop multi-class models with high accuracies with our best model predicting 93\% of bacterial and 89\% viral samples correctly. To compare the selected features in each of the different technologies, we reverse engineered the underlying molecular regulatory network and explored the neighbourhood of the selected features. The networks highlighted that although on the gene-level the models differed, they contained genes from the same areas of the network. Specifically, this convergence was to pathways including the Type I interferon Signalling Pathway, Chemotaxis, Apoptotic Processes, and Inflammatory/Innate Response.
            
            
              Availability
              Data and code are available on the Gene Expression Omnibus and github.
            
            
              Supplementary information
              Supplementary data are available at Bioinformatics online.},
	language = {en},
	urldate = {2021-02-25},
	journal = {Bioinformatics},
	author = {Myall, Ashleigh C and Perkins, Simon and Rushton, David and David, Jonathan and Spencer, Phillippa and Jones, Andrew R and Antczak, Philipp},
	editor = {Martelli, Pier Luigi},
	month = feb,
	year = {2021},
	pages = {btab089},
	annote = {An OMICs based meta-analysis to support infection state stratification
Método:
O método consiste em classificar infecções virais e bacterianas através de Machile Learning. São três etapas para o método:
1. selecionar o dataset e realizar o pré-processamento
2. feature selection das melhores caracterísiticas dos modelos. Para isso são propostas duas metodologias, a primeira Backwards Elimination (BW) for gene expression data  e a segunda genetically inspired search algorithm (GALGO), ambas implementadas em R utilizando o pacote 'Ranger'.
2.1 Backwards Elimitarion: foi separado o dataset em 60/20/20 (treinamento, teste e validação).
2.2 GALGO: É um algoritmo genético utilizado para otimizar a seleção de multivariáveis. Os parâmetros do modelo são apresentados no artigo.
3. inferir a rede gerada, foi utilizado o método ARACNE com um threshold de p{\textless}0.5 e a visualização da rede e dos subgrafos foi utilizado o Cytoscape clustering plugin GLay e o algoritmo de Girvan-Newman para remover arestas, baseado no betweness (centralidade de um vértice) da rede.
Dataset:
GEO gene expression data, all from open source microarray human blood infection studies.
 Datasets from Affymetrix and Illumina platforms, consisting of 3868 samples, from 21 different studies, were included in the analysis (Table 1 – available on GEO under GSE162329 and GSE162330). 
Ambas metodologias de extração níveis de expressão gênica são diferentes entre si, possibilitando um aumento de dificuldade para o método.
Organismo Utilizado:
Expressão gênica obtida através de microarray do sangue humano, para o estudo de infecções.
Resultado:
Após a execução dos métodos, foram selecionados genes para uma análise baseado na topologia de ligação. Os genes foram selecionados através da sua frequência.
Para a análise na rede, são analisado os clusters gerados pelos genes. São analisados os clusters gerados por cada conjunto de genes (separados por dataset e método). Também é realizada uma explicação biológica para cada conjunto de genes selecionados. Com esses conjuntos de genes são realizados procedimentos para a classificação das doenças em virais, bacterianas ou sem-doenças.
Ambos métodos empregados chegaram a conjuntos de genes similares, mostrando uma certa relevância para esse conjunto, como não há solução ótima para o problema não é possível aferir o GAP entre os valores obtidos.
 },
	file = {Myall et al. - 2021 - An OMICs based meta-analysis to support infection .pdf:/home/matheus/Zotero/storage/J44C55MQ/Myall et al. - 2021 - An OMICs based meta-analysis to support infection .pdf:application/pdf},
}

@article{reagans_network_2003,
	title = {Network {Structure} and {Knowledge} {Transfer}: {The} {Effects} of {Cohesion} and {Range}},
	volume = {48},
	issn = {00018392},
	shorttitle = {Network {Structure} and {Knowledge} {Transfer}},
	url = {https://www.jstor.org/stable/3556658?origin=crossref},
	doi = {10.2307/3556658},
	number = {2},
	urldate = {2021-02-25},
	journal = {Administrative Science Quarterly},
	author = {Reagans, Ray and McEvily, Bill},
	month = jun,
	year = {2003},
	pages = {240},
	annote = {Network Structure and Knowledge Transfer: The Effects of Cohesion and Range
Método:
Buscam obter respostas sobre o comportamento da estrutura da rede sobre algumas informações, para isso são formuladas algumas hipóteses:

Hypothesis 1 (H1):Common knowledge will be positively related to the ease of knowledge transfer.
Hypothesis 2a (H2a):Tie strength will be positively associated with the ease of knowledge transfer.
 Hypothesis 2b (H2b):The positive association between tie strength and knowledge transfer will increase with the tacitness (decrease with the codifiability) of the knowledge being transferred.

A estrutura da rede afeta a transmissão do conhecimento, isto é, o tamanho da rede, a organização da rede e outras informações a respeito da topologia da rede.

 Hypothesis 3 (H3):Social cohesion will be positively associated with the ease of knowledge transfer.
Hypothesis 4 (H4):Network range will be positively associated with the ease of knowledge transfer.

Dataset:
Uma pesquisa realizada em uma empresa pequena contendo 113 funcionários.

The majorityof employees are scientists and engineers, holding master's degrees and doctorates. At the time of the study, the firm employed 113 people and had been operating for 15 years.

A pesquisa obteve os seguintes indicativos de participação:

We collected data on knowledge codifiability,area of expertise (to measure expertise overlap), tie strength, network structure, and ease of knowledge transfer using a survey instrument that we administered onsite at the firm over the course of two days. The survey had a very high response rate of 92 percent (104/113), and 84 percent of the respondents completed the entire survey. Independent of the survey, we gathered data from two additional sources. We collected data to measure expertise over lap from an executive in charge of knowledge management.We also obtained demographic data from the human resources department 

Organismo Utilizado:
Não foi utilizado nenhum organismo. Foi realizado utilizado um dataset de informações sobre funcionários de uma empresa pequena.
Resultado:
São propostos alguns modelos para a validação das hipóteses.
Através da análise da rede obtida foi possível validar a hipótese 1, ou seja, o conhecimento comum esta relacionado com a facilidade de transmissão do saber. Através dessa validação pode-se também validar a hipótese 2a, mostrando que a força do laço também é um fator para a facilidade de transmissão do saber. Já a hipótese 2b é "fraca", ou seja, não há evidências que exista uma relação positiva entre força da ligação e transferência do saber. Para as hipóteses 3 e 4 é proposto outro modelo e através dele é possível relacionar a estrutura da rede com o saber, isto é, o saber pode fluir de maneira indireta através das pessoas, baseada na força de conexão entre elas e seus vizinhos. Em outras palavras, conexões fortes e confiáveis a transferência do saber é mais efetivo.
 },
	file = {Reagans e McEvily - 2003 - Network Structure and Knowledge Transfer The Effe.pdf:/home/matheus/Zotero/storage/85GCQ9MH/Reagans e McEvily - 2003 - Network Structure and Knowledge Transfer The Effe.pdf:application/pdf},
}

@article{hlinka_small-world_2017,
	title = {Small-world bias of correlation networks: {From} brain to climate},
	volume = {27},
	issn = {1054-1500, 1089-7682},
	shorttitle = {Small-world bias of correlation networks},
	url = {http://aip.scitation.org/doi/10.1063/1.4977951},
	doi = {10.1063/1.4977951},
	language = {en},
	number = {3},
	urldate = {2021-02-24},
	journal = {Chaos: An Interdisciplinary Journal of Nonlinear Science},
	author = {Hlinka, Jaroslav and Hartman, David and Jajcay, Nikola and Tomeček, David and Tintěra, Jaroslav and Paluš, Milan},
	month = mar,
	year = {2017},
	pages = {035812},
	annote = { Small-world bias of correlation networks: From brain to climate
Método:
Inicialmente é realizado um pré-processo para cada um dos datasets e após isso é calculada a matriz de correlação do tempo das amostras (linear, mas pode ser não linear também).
Em seguida, é obtido o grafo dessa matriz de correlação, porém são considerados apenas os 20\% dos vértices da densidade da rede.
São obtidas outras medidas do grafo como o coeficiente de clusterização (global e local) dos vértices e a  distância mínima média dos vértices, o que é utilizado de maneira geral para caracterizar grafos do tipo small-world.
Também é fornecida uma fórmula para determinar o índice small-world do grafo.
Para avaliar esse comportamento enviesado small-world é proposto um método de geração aleatória de grafos (modelo nulo), em três etapas.
Dataset:
Imagens de ressonância magnética funcional (fMRI); contendo 84 amostras.
Dados climáticos da Terra.
Organismo Utilizado:
Não foi utilizado nenhum organismo em particular.
Dados humanos de ressonância magnética e climáticos.
Resultado:
O método trouxe elucidações em relação a afirmações sobre dados seguirem ou não a propriedade small-world.},
	file = {Hlinka et al. - 2017 - Small-world bias of correlation networks From bra.pdf:/home/matheus/Zotero/storage/U6693SER/Hlinka et al. - 2017 - Small-world bias of correlation networks From bra.pdf:application/pdf},
}

@inproceedings{sturm_analysis_2012,
	address = {Nara, Japan},
	title = {An analysis of the {GTZAN} music genre dataset},
	isbn = {978-1-4503-1591-3},
	url = {http://dl.acm.org/citation.cfm?doid=2390848.2390851},
	doi = {10.1145/2390848.2390851},
	language = {en},
	urldate = {2020-12-03},
	booktitle = {Proceedings of the second international {ACM} workshop on {Music} information retrieval with user-centered and multimodal strategies - {MIRUM} '12},
	publisher = {ACM Press},
	author = {Sturm, Bob L.},
	year = {2012},
	pages = {7},
	file = {Versão submetida:/home/matheus/Zotero/storage/JFF7GL6K/Sturm - 2012 - An analysis of the GTZAN music genre dataset.pdf:application/pdf},
}

@article{sturm_bob_automatic_2012,
	title = {On {Automatic} {Music} {Genre} {Recognition} by {Sparse} {Representation} {Classification} using {Auditory} {Temporal} {Modulations}},
	journal = {9th International Symposium on Computer Music Modelling and Retrieval (CMMR 2012)},
	author = {Sturm, Bob, Pardis, Noorzad},
	year = {2012},
}

@incollection{nurnberger_survey_2014,
	address = {Cham},
	title = {A {Survey} of {Evaluation} in {Music} {Genre} {Recognition}},
	volume = {8382},
	isbn = {978-3-319-12092-8 978-3-319-12093-5},
	url = {http://link.springer.com/10.1007/978-3-319-12093-5_2},
	urldate = {2020-12-03},
	booktitle = {Adaptive {Multimedia} {Retrieval}: {Semantics}, {Context}, and {Adaptation}},
	publisher = {Springer International Publishing},
	author = {Sturm, Bob L.},
	editor = {Nürnberger, Andreas and Stober, Sebastian and Larsen, Birger and Detyniecki, Marcin},
	year = {2014},
	doi = {10.1007/978-3-319-12093-5_2},
	note = {Series Title: Lecture Notes in Computer Science},
	pages = {29--66},
	file = {Versão submetida:/home/matheus/Zotero/storage/7XKYEZV7/Sturm - 2014 - A Survey of Evaluation in Music Genre Recognition.pdf:application/pdf},
}

@article{costa_characterization_2007-1,
	title = {Characterization of complex networks: a survey of measurements},
	volume = {56},
	number = {1},
	journal = {Adv. in Phys.},
	author = {Costa, L. da F. and Rodrigues, F. A. and Travieso, G. and Villas-Boas, P. R.},
	year = {2007},
	pages = {167--242},
}

@book{duda_pattern_2001,
	edition = {2nd},
	series = {Pattern {Classification} and {Scene} {Analysis}: {Pattern} {Classification}},
	title = {Pattern classification},
	isbn = {978-0-471-05669-0},
	url = {http://books.google.com.br/books?id=YoxQAAAAMAAJ},
	publisher = {Wiley},
	author = {Duda, R.O. and Hart, P.E. and Stork, D.G.},
	year = {2001},
	lccn = {99029981},
}

@article{tzanetakis_musical_2002,
	title = {Musical genre classification of audio signals},
	volume = {10},
	number = {5},
	journal = {IEEE Transactions on speech and audio processing},
	author = {Tzanetakis, George and Cook, Perry},
	year = {2002},
	note = {Publisher: IEEE},
	pages = {293--302},
}

@article{mellor_graph_2019,
	title = {Graph comparison via the nonbacktracking spectrum},
	volume = {99},
	issn = {2470-0045, 2470-0053},
	url = {https://link.aps.org/doi/10.1103/PhysRevE.99.052309},
	doi = {10.1103/PhysRevE.99.052309},
	language = {en},
	number = {5},
	urldate = {2021-06-09},
	journal = {Physical Review E},
	author = {Mellor, Andrew and Grusovin, Angelica},
	month = may,
	year = {2019},
	pages = {052309},
	annote = {Graph comparison via the nonbacktracking spectrum
Método:
 
Dataset:
 
Organismo Utilizado:
 
Resultado:
 },
	file = {Texto completo:/home/matheus/Zotero/storage/HDKN4WPS/Mellor e Grusovin - 2019 - Graph comparison via the nonbacktracking spectrum.pdf:application/pdf},
}

@article{zhang_deepcpp_2021,
	title = {{DeepCPP}: a deep neural network based on nucleotide bias information and minimum distribution similarity feature selection for {RNA} coding potential prediction},
	volume = {22},
	issn = {1467-5463, 1477-4054},
	shorttitle = {{DeepCPP}},
	url = {https://academic.oup.com/bib/article/22/2/2073/5813257},
	doi = {10.1093/bib/bbaa039},
	abstract = {Abstract
            The development of deep sequencing technologies has led to the discovery of novel transcripts. Many in silico methods have been developed to assess the coding potential of these transcripts to further investigate their functions. Existing methods perform well on distinguishing majority long noncoding RNAs (lncRNAs) and coding RNAs (mRNAs) but poorly on RNAs with small open reading frames (sORFs). Here, we present DeepCPP (deep neural network for coding potential prediction), a deep learning method for RNA coding potential prediction. Extensive evaluations on four previous datasets and six new datasets constructed in different species show that DeepCPP outperforms other state-of-the-art methods, especially on sORF type data, which overcomes the bottleneck of sORF mRNA identification by improving more than 4.31, 37.24 and 5.89\% on its accuracy for newly discovered human, vertebrate and insect data, respectively. Additionally, we also revealed that discontinuous k-mer, and our newly proposed nucleotide bias and minimal distribution similarity feature selection method play crucial roles in this classification problem. Taken together, DeepCPP is an effective method for RNA coding potential prediction.},
	language = {en},
	number = {2},
	urldate = {2021-08-30},
	journal = {Briefings in Bioinformatics},
	author = {Zhang, Yu and Jia, Cangzhi and Fullwood, Melissa Jane and Kwoh, Chee Keong},
	month = mar,
	year = {2021},
	pages = {2073--2084},
	file = {Zhang et al. - 2021 - DeepCPP a deep neural network based on nucleotide.pdf:/home/matheus/Zotero/storage/MH6HQZWH/Zhang et al. - 2021 - DeepCPP a deep neural network based on nucleotide.pdf:application/pdf},
}

@article{tripathi_deeplnc_2016,
	title = {{DeepLNC}, a long non-coding {RNA} prediction tool using deep neural network},
	volume = {5},
	issn = {2192-6662, 2192-6670},
	url = {http://link.springer.com/10.1007/s13721-016-0129-2},
	doi = {10.1007/s13721-016-0129-2},
	language = {en},
	number = {1},
	urldate = {2021-08-30},
	journal = {Network Modeling Analysis in Health Informatics and Bioinformatics},
	author = {Tripathi, Rashmi and Patel, Sunil and Kumari, Vandana and Chakraborty, Pavan and Varadwaj, Pritish Kumar},
	month = dec,
	year = {2016},
	pages = {21},
	file = {Tripathi et al. - 2016 - DeepLNC, a long non-coding RNA prediction tool usi.pdf:/home/matheus/Zotero/storage/NWJQHEVC/Tripathi et al. - 2016 - DeepLNC, a long non-coding RNA prediction tool usi.pdf:application/pdf},
}

@article{guo_cnit_2019,
	title = {{CNIT}: a fast and accurate web tool for identifying protein-coding and long non-coding transcripts based on intrinsic sequence composition},
	volume = {47},
	issn = {0305-1048, 1362-4962},
	shorttitle = {{CNIT}},
	url = {https://academic.oup.com/nar/article/47/W1/W516/5506859},
	doi = {10.1093/nar/gkz400},
	abstract = {Abstract
            As more and more high-throughput data has been produced by next-generation sequencing, it is still a challenge to classify RNA transcripts into protein-coding or non-coding, especially for poorly annotated species. We upgraded our original coding potential calculator, CNCI (Coding-Non-Coding Index), to CNIT (Coding-Non-Coding Identifying Tool), which provides faster and more accurate evaluation of the coding ability of RNA transcripts. CNIT runs ∼200 times faster than CNCI and exhibits more accuracy compared with CNCI (0.98 versus 0.94 for human, 0.95 versus 0.93 for mouse, 0.93 versus 0.92 for zebrafish, 0.93 versus 0.92 for fruit fly, 0.92 versus 0.88 for worm, and 0.98 versus 0.85 for Arabidopsis transcripts). Moreover, the AUC values of 11 animal species and 27 plant species showed that CNIT was capable of obtaining relatively accurate identification results for almost all eukaryotic transcripts. In addition, a mobile-friendly web server is now freely available at http://cnit.noncode.org/CNIT.},
	language = {en},
	number = {W1},
	urldate = {2021-08-30},
	journal = {Nucleic Acids Research},
	author = {Guo, Jin-Cheng and Fang, Shuang-Sang and Wu, Yang and Zhang, Jian-Hua and Chen, Yang and Liu, Jing and Wu, Bo and Wu, Jia-Rui and Li, En-Min and Xu, Li-Yan and Sun, Liang and Zhao, Yi},
	month = jul,
	year = {2019},
	pages = {W516--W522},
	file = {Texto completo:/home/matheus/Zotero/storage/INTTCNB7/Guo et al. - 2019 - CNIT a fast and accurate web tool for identifying.pdf:application/pdf},
}

@article{liu_predlnc-gfstack_2019,
	title = {{PredLnc}-{GFStack}: {A} {Global} {Sequence} {Feature} {Based} on a {Stacked} {Ensemble} {Learning} {Method} for {Predicting} {lncRNAs} from {Transcripts}},
	volume = {10},
	issn = {2073-4425},
	shorttitle = {{PredLnc}-{GFStack}},
	url = {https://www.mdpi.com/2073-4425/10/9/672},
	doi = {10.3390/genes10090672},
	abstract = {Long non-coding RNAs (lncRNAs) are a class of RNAs with the length exceeding 200 base pairs (bps), which do not encode proteins, nevertheless, lncRNAs have many vital biological functions. A large number of novel transcripts were discovered as a result of the development of high-throughput sequencing technology. Under this circumstance, computational methods for lncRNA prediction are in great demand. In this paper, we consider global sequence features and propose a stacked ensemble learning-based method to predict lncRNAs from transcripts, abbreviated as PredLnc-GFStack. We extract the critical features from the candidate feature list using the genetic algorithm (GA) and then employ the stacked ensemble learning method to construct PredLnc-GFStack model. Computational experimental results show that PredLnc-GFStack outperforms several state-of-the-art methods for lncRNA prediction. Furthermore, PredLnc-GFStack demonstrates an outstanding ability for cross-species ncRNA prediction.},
	language = {en},
	number = {9},
	urldate = {2021-08-30},
	journal = {Genes},
	author = {Liu, Shuai and Zhao, Xiaohan and Zhang, Guangyan and Li, Weiyang and Liu, Feng and Liu, Shichao and Zhang, Wen},
	month = sep,
	year = {2019},
	pages = {672},
	file = {Texto completo:/home/matheus/Zotero/storage/KVVHLDF6/Liu et al. - 2019 - PredLnc-GFStack A Global Sequence Feature Based o.pdf:application/pdf},
}

@article{wang_characterization_2019,
	title = {Characterization and identification of long non-coding {RNAs} based on feature relationship},
	volume = {35},
	issn = {1367-4803, 1460-2059},
	url = {https://academic.oup.com/bioinformatics/article/35/17/2949/5288512},
	doi = {10.1093/bioinformatics/btz008},
	abstract = {Abstract
            
              Motivation
              The significance of long non-coding RNAs (lncRNAs) in many biological processes and diseases has gained intense interests over the past several years. However, computational identification of lncRNAs in a wide range of species remains challenging; it requires prior knowledge of well-established sequences and annotations or species-specific training data, but the reality is that only a limited number of species have high-quality sequences and annotations.
            
            
              Results
              Here we first characterize lncRNAs in contrast to protein-coding RNAs based on feature relationship and find that the feature relationship between open reading frame length and guanine-cytosine (GC) content presents universally substantial divergence in lncRNAs and protein-coding RNAs, as observed in a broad variety of species. Based on the feature relationship, accordingly, we further present LGC, a novel algorithm for identifying lncRNAs that is able to accurately distinguish lncRNAs from protein-coding RNAs in a cross-species manner without any prior knowledge. As validated on large-scale empirical datasets, comparative results show that LGC outperforms existing algorithms by achieving higher accuracy, well-balanced sensitivity and specificity, and is robustly effective ({\textgreater}90\% accuracy) in discriminating lncRNAs from protein-coding RNAs across diverse species that range from plants to mammals. To our knowledge, this study, for the first time, differentially characterizes lncRNAs and protein-coding RNAs based on feature relationship, which is further applied in computational identification of lncRNAs. Taken together, our study represents a significant advance in characterization and identification of lncRNAs and LGC thus bears broad potential utility for computational analysis of lncRNAs in a wide range of species.
            
            
              Availability and implementation
              LGC web server is publicly available at http://bigd.big.ac.cn/lgc/calculator. The scripts and data can be downloaded at http://bigd.big.ac.cn/biocode/tools/BT000004.
            
            
              Supplementary information
              Supplementary data are available at Bioinformatics online.},
	language = {en},
	number = {17},
	urldate = {2021-08-30},
	journal = {Bioinformatics},
	author = {Wang, Guangyu and Yin, Hongyan and Li, Boyang and Yu, Chunlei and Wang, Fan and Xu, Xingjian and Cao, Jiabao and Bao, Yiming and Wang, Liguo and Abbasi, Amir A and Bajic, Vladimir B and Ma, Lina and Zhang, Zhang},
	editor = {Valencia, Alfonso},
	month = sep,
	year = {2019},
	pages = {2949--2956},
	file = {Texto completo:/home/matheus/Zotero/storage/DG6KAW97/Wang et al. - 2019 - Characterization and identification of long non-co.pdf:application/pdf},
}

@article{deshpande_plit_2019,
	title = {{PLIT}: {An} alignment-free computational tool for identification of long non-coding {RNAs} in plant transcriptomic datasets},
	volume = {105},
	issn = {00104825},
	shorttitle = {{PLIT}},
	url = {https://linkinghub.elsevier.com/retrieve/pii/S0010482518304189},
	doi = {10.1016/j.compbiomed.2018.12.014},
	language = {en},
	urldate = {2021-08-30},
	journal = {Computers in Biology and Medicine},
	author = {Deshpande, Sumukh and Shuttleworth, James and Yang, Jianhua and Taramonli, Sandy and England, Matthew},
	month = feb,
	year = {2019},
	pages = {169--181},
	file = {Versão aceita:/home/matheus/Zotero/storage/IZQSDL3Z/Deshpande et al. - 2019 - PLIT An alignment-free computational tool for ide.pdf:application/pdf;deshpande2019.pdf:/home/matheus/Zotero/storage/MEWQ5IQU/deshpande2019.pdf:application/pdf},
}

@article{pian_lncrnapred_2016,
	title = {{LncRNApred}: {Classification} of {Long} {Non}-{Coding} {RNAs} and {Protein}-{Coding} {Transcripts} by the {Ensemble} {Algorithm} with a {New} {Hybrid} {Feature}},
	volume = {11},
	issn = {1932-6203},
	shorttitle = {{LncRNApred}},
	url = {https://dx.plos.org/10.1371/journal.pone.0154567},
	doi = {10.1371/journal.pone.0154567},
	language = {en},
	number = {5},
	urldate = {2021-08-30},
	journal = {PLOS ONE},
	author = {Pian, Cong and Zhang, Guangle and Chen, Zhi and Chen, Yuanyuan and Zhang, Jin and Yang, Tao and Zhang, Liangyun},
	editor = {Scaria, Vinod},
	month = may,
	year = {2016},
	pages = {e0154567},
	file = {Texto completo:/home/matheus/Zotero/storage/GB94MP7X/Pian et al. - 2016 - LncRNApred Classification of Long Non-Coding RNAs.pdf:application/pdf},
}

@article{han_lncfinder_2019,
	title = {{LncFinder}: an integrated platform for long non-coding {RNA} identification utilizing sequence intrinsic composition, structural information and physicochemical property},
	volume = {20},
	issn = {1467-5463, 1477-4054},
	shorttitle = {{LncFinder}},
	url = {https://academic.oup.com/bib/article/20/6/2009/5062950},
	doi = {10.1093/bib/bby065},
	abstract = {Abstract
            Discovering new long non-coding RNAs (lncRNAs) has been a fundamental step in lncRNA-related research. Nowadays, many machine learning-based tools have been developed for lncRNA identification. However, many methods predict lncRNAs using sequence-derived features alone, which tend to display unstable performances on different species. Moreover, the majority of tools cannot be re-trained or tailored by users and neither can the features be customized or integrated to meet researchers’ requirements. In this study, features extracted from sequence-intrinsic composition, secondary structure and physicochemical property are comprehensively reviewed and evaluated. An integrated platform named LncFinder is also developed to enhance the performance and promote the research of lncRNA identification. LncFinder includes a novel lncRNA predictor using the heterologous features we designed. Experimental results show that our method outperforms several state-of-the-art tools on multiple species with more robust and satisfactory results. Researchers can additionally employ LncFinder to extract various classic features, build classifier with numerous machine learning algorithms and evaluate classifier performance effectively and efficiently. LncFinder can reveal the properties of lncRNA and mRNA from various perspectives and further inspire lncRNA–protein interaction prediction and lncRNA evolution analysis. It is anticipated that LncFinder can significantly facilitate lncRNA-related research, especially for the poorly explored species. LncFinder is released as R package (https://CRAN.R-project.org/package=LncFinder). A web server (http://bmbl.sdstate.edu/lncfinder/) is also developed to maximize its availability.},
	language = {en},
	number = {6},
	urldate = {2021-08-30},
	journal = {Briefings in Bioinformatics},
	author = {Han, Siyu and Liang, Yanchun and Ma, Qin and Xu, Yangyi and Zhang, Yu and Du, Wei and Wang, Cankun and Li, Ying},
	month = nov,
	year = {2019},
	pages = {2009--2027},
	file = {Texto completo:/home/matheus/Zotero/storage/UJZ2BTNV/Han et al. - 2019 - LncFinder an integrated platform for long non-cod.pdf:application/pdf},
}

@article{baek_lncrnanet_2018,
	title = {{LncRNAnet}: long non-coding {RNA} identification using deep learning},
	volume = {34},
	issn = {1367-4803, 1460-2059},
	shorttitle = {{LncRNAnet}},
	url = {https://academic.oup.com/bioinformatics/article/34/22/3889/5021689},
	doi = {10.1093/bioinformatics/bty418},
	language = {en},
	number = {22},
	urldate = {2021-08-30},
	journal = {Bioinformatics},
	author = {Baek, Junghwan and Lee, Byunghan and Kwon, Sunyoung and Yoon, Sungroh},
	editor = {Valencia, Alfonso},
	month = nov,
	year = {2018},
	pages = {3889--3897},
	file = {Texto completo:/home/matheus/Zotero/storage/L8YS9REB/Baek et al. - 2018 - LncRNAnet long non-coding RNA identification usin.pdf:application/pdf},
}

@article{chantsalnyam_ncrdense_2021,
	title = {{ncRDense}: {A} novel computational approach for classification of non-coding {RNA} family by deep learning},
	volume = {113},
	issn = {08887543},
	shorttitle = {{ncRDense}},
	url = {https://linkinghub.elsevier.com/retrieve/pii/S0888754321002834},
	doi = {10.1016/j.ygeno.2021.07.004},
	language = {en},
	number = {5},
	urldate = {2021-08-30},
	journal = {Genomics},
	author = {Chantsalnyam, Tuvshinbayar and Siraj, Arslan and Tayara, Hilal and Chong, Kil To},
	month = sep,
	year = {2021},
	pages = {3030--3038},
	file = {Chantsalnyam et al. - 2021 - ncRDense A novel computational approach for class.pdf:/home/matheus/Zotero/storage/P4XFWVLZ/Chantsalnyam et al. - 2021 - ncRDense A novel computational approach for class.pdf:application/pdf},
}

@article{li_deep_2021,
	title = {Deep forest ensemble learning for classification of alignments of non-coding {RNA} sequences based on multi-view structure representations},
	volume = {22},
	issn = {1467-5463, 1477-4054},
	url = {https://academic.oup.com/bib/article/doi/10.1093/bib/bbaa354/6046058},
	doi = {10.1093/bib/bbaa354},
	abstract = {Abstract
            Non-coding RNAs (ncRNAs) play crucial roles in multiple biological processes. However, only a few ncRNAs’ functions have been well studied. Given the significance of ncRNAs classification for understanding ncRNAs’ functions, more and more computational methods have been introduced to improve the classification automatically and accurately. In this paper, based on a convolutional neural network and a deep forest algorithm, multi-grained cascade forest (GcForest), we propose a novel deep fusion learning framework, GcForest fusion method (GCFM), to classify alignments of ncRNA sequences for accurate clustering of ncRNAs. GCFM integrates a multi-view structure feature representation including sequence-structure alignment encoding, structure image representation and shape alignment encoding of structural subunits, enabling us to capture the potential specificity between ncRNAs. For the classification of pairwise alignment of two ncRNA sequences, the F-value of GCFM improves 6\% than an existing alignment-based method. Furthermore, the clustering of ncRNA families is carried out based on the classification matrix generated from GCFM. Results suggest better performance (with 20\% accuracy improved) than existing ncRNA clustering methods (RNAclust, Ensembleclust and CNNclust). Additionally, we apply GCFM to construct a phylogenetic tree of ncRNA and predict the probability of interactions between RNAs. Most ncRNAs are located correctly in the phylogenetic tree, and the prediction accuracy of RNA interaction is 90.63\%. A web server (http://bmbl.sdstate.edu/gcfm/) is developed to maximize its availability, and the source code and related data are available at the same URL.},
	language = {en},
	number = {4},
	urldate = {2021-08-30},
	journal = {Briefings in Bioinformatics},
	author = {Li, Ying and Zhang, Qi and Liu, Zhaoqian and Wang, Cankun and Han, Siyu and Ma, Qin and Du, Wei},
	month = jul,
	year = {2021},
	pages = {bbaa354},
	file = {Texto completo:/home/matheus/Zotero/storage/H4IAK4U3/Li et al. - 2021 - Deep forest ensemble learning for classification o.pdf:application/pdf},
}

@article{li_plek_2014,
	title = {{PLEK}: a tool for predicting long non-coding {RNAs} and messenger {RNAs} based on an improved k-mer scheme},
	volume = {15},
	issn = {1471-2105},
	shorttitle = {{PLEK}},
	url = {http://bmcbioinformatics.biomedcentral.com/articles/10.1186/1471-2105-15-311},
	doi = {10.1186/1471-2105-15-311},
	language = {en},
	number = {1},
	urldate = {2021-08-30},
	journal = {BMC Bioinformatics},
	author = {Li, Aimin and Zhang, Junying and Zhou, Zhongyin},
	year = {2014},
	pages = {311},
	file = {Texto completo:/home/matheus/Zotero/storage/W6BGTKQB/Li et al. - 2014 - PLEK a tool for predicting long non-coding RNAs a.pdf:application/pdf},
}

@article{ito_basinetbiological_2018-1,
	title = {{BASiNET}—{BiologicAl} {Sequences} {NETwork}: a case study on coding and non-coding {RNAs} identification},
	volume = {46},
	issn = {0305-1048, 1362-4962},
	shorttitle = {{BASiNET}—{BiologicAl} {Sequences} {NETwork}},
	url = {https://academic.oup.com/nar/article/46/16/e96/5033156},
	doi = {10.1093/nar/gky462},
	language = {en},
	number = {16},
	urldate = {2021-08-30},
	journal = {Nucleic Acids Research},
	author = {Ito, Eric Augusto and Katahira, Isaque and Vicente, Fábio Fernandes da Rocha and Pereira, Luiz Filipe Protasio and Lopes, Fabrício Martins},
	month = sep,
	year = {2018},
	pages = {e96--e96},
	file = {Texto completo:/home/matheus/Zotero/storage/F4V97NXH/Ito et al. - 2018 - BASiNET—BiologicAl Sequences NETwork a case study.pdf:application/pdf},
}

@article{bonidia_feature_2021,
	title = {Feature extraction approaches for biological sequences: a comparative study of mathematical features},
	issn = {1467-5463, 1477-4054},
	shorttitle = {Feature extraction approaches for biological sequences},
	url = {https://academic.oup.com/bib/advance-article/doi/10.1093/bib/bbab011/6135010},
	doi = {10.1093/bib/bbab011},
	abstract = {Abstract
            As consequence of the various genomic sequencing projects, an increasing volume of biological sequence data is being produced. Although machine learning algorithms have been successfully applied to a large number of genomic sequence-related problems, the results are largely affected by the type and number of features extracted. This effect has motivated new algorithms and pipeline proposals, mainly involving feature extraction problems, in which extracting significant discriminatory information from a biological set is challenging. Considering this, our work proposes a new study of feature extraction approaches based on mathematical features (numerical mapping with Fourier, entropy and complex networks). As a case study, we analyze long non-coding RNA sequences. Moreover, we separated this work into three studies. First, we assessed our proposal with the most addressed problem in our review, e.g. lncRNA and mRNA; second, we also validate the mathematical features in different classification problems, to predict the class of lncRNA, e.g. circular RNAs sequences; third, we analyze its robustness in scenarios with imbalanced data. The experimental results demonstrated three main contributions: first, an in-depth study of several mathematical features; second, a new feature extraction pipeline; and third, its high performance and robustness for distinct RNA sequence classification. Availability:  https://github.com/Bonidia/FeatureExtraction\_BiologicalSequences},
	language = {en},
	urldate = {2021-08-30},
	journal = {Briefings in Bioinformatics},
	author = {Bonidia, Robson P and Sampaio, Lucas D H and Domingues, Douglas S and Paschoal, Alexandre R and Lopes, Fabrício M and de Carvalho, André C P L F and Sanches, Danilo S},
	month = feb,
	year = {2021},
	pages = {bbab011},
	file = {Versão submetida:/home/matheus/Zotero/storage/8V3E7K9V/Bonidia et al. - 2021 - Feature extraction approaches for biological seque.pdf:application/pdf;2021-bib-robson.pdf:/home/matheus/Zotero/storage/L7W2Q583/2021-bib-robson.pdf:application/pdf},
}

@article{deshpande_plit_2019-1,
	title = {{PLIT}: {An} alignment-free computational tool for identification of long non-coding {RNAs} in plant transcriptomic datasets},
	volume = {105},
	issn = {00104825},
	shorttitle = {{PLIT}},
	url = {https://linkinghub.elsevier.com/retrieve/pii/S0010482518304189},
	doi = {10.1016/j.compbiomed.2018.12.014},
	language = {en},
	urldate = {2021-08-30},
	journal = {Computers in Biology and Medicine},
	author = {Deshpande, Sumukh and Shuttleworth, James and Yang, Jianhua and Taramonli, Sandy and England, Matthew},
	month = feb,
	year = {2019},
	pages = {169--181},
	file = {Versão aceita:/home/matheus/Zotero/storage/65QHG9G2/Deshpande et al. - 2019 - PLIT An alignment-free computational tool for ide.pdf:application/pdf},
}

@article{fehlmann_mirmaster_2021,
	title = {{miRMaster} 2.0: multi-species non-coding {RNA} sequencing analyses at scale},
	volume = {49},
	issn = {0305-1048, 1362-4962},
	shorttitle = {{miRMaster} 2.0},
	url = {https://academic.oup.com/nar/article/49/W1/W397/6238409},
	doi = {10.1093/nar/gkab268},
	abstract = {Abstract
            Analyzing all features of small non-coding RNA sequencing data can be demanding and challenging. To facilitate this process, we developed miRMaster. After the analysis of over 125 000 human samples and 1.5 trillion human small RNA reads over 4 years, we present miRMaster 2 with a wide range of updates and new features. We extended our reference data sets so that miRMaster 2 now supports the analysis of eight species (e.g. human, mouse, chicken, dog, cow) and 10 non-coding RNA classes (e.g. microRNAs, piRNAs, tRNAs, rRNAs, circRNAs). We also incorporated new downstream analysis modules such as batch effect analysis or sample embeddings using UMAP, and updated annotation data bases included by default (miRBase, Ensembl, GtRNAdb). To accommodate the increasing popularity of single cell small-RNA sequencing data, we incorporated a module for unique molecular identifier (UMI) processing. Further, the output tables and graphics have been improved based on user feedback and new output formats that emerged in the community are now supported (e.g. miRGFF3). Finally, we integrated differential expression analysis with the miRNA enrichment analysis tool miEAA. miRMaster is freely available at https://www.ccb.uni-saarland.de/mirmaster2.},
	language = {en},
	number = {W1},
	urldate = {2021-08-30},
	journal = {Nucleic Acids Research},
	author = {Fehlmann, Tobias and Kern, Fabian and Laham, Omar and Backes, Christina and Solomon, Jeffrey and Hirsch, Pascal and Volz, Carsten and Müller, Rolf and Keller, Andreas},
	month = jul,
	year = {2021},
	pages = {W397--W408},
	file = {Texto completo:/home/matheus/Zotero/storage/4PDL2MGC/Fehlmann et al. - 2021 - miRMaster 2.0 multi-species non-coding RNA sequen.pdf:application/pdf},
}

@article{kang_cpc2_2017,
	title = {{CPC2}: a fast and accurate coding potential calculator based on sequence intrinsic features},
	volume = {45},
	issn = {0305-1048, 1362-4962},
	shorttitle = {{CPC2}},
	url = {https://academic.oup.com/nar/article/45/W1/W12/3831091},
	doi = {10.1093/nar/gkx428},
	language = {en},
	number = {W1},
	urldate = {2021-08-30},
	journal = {Nucleic Acids Research},
	author = {Kang, Yu-Jian and Yang, De-Chang and Kong, Lei and Hou, Mei and Meng, Yu-Qi and Wei, Liping and Gao, Ge},
	month = jul,
	year = {2017},
	pages = {W12--W16},
	file = {Texto completo:/home/matheus/Zotero/storage/EJX2TIQX/Kang et al. - 2017 - CPC2 a fast and accurate coding potential calcula.pdf:application/pdf},
}

@article{childs_identification_2009,
	title = {Identification and classification of {ncRNA} molecules using graph properties},
	volume = {37},
	issn = {1362-4962, 0305-1048},
	url = {https://academic.oup.com/nar/article-lookup/doi/10.1093/nar/gkp206},
	doi = {10.1093/nar/gkp206},
	language = {en},
	number = {9},
	urldate = {2021-08-30},
	journal = {Nucleic Acids Research},
	author = {Childs, Liam and Nikoloski, Zoran and May, Patrick and Walther, Dirk},
	month = may,
	year = {2009},
	pages = {e66--e66},
	file = {Texto completo:/home/matheus/Zotero/storage/VIIFTATB/Childs et al. - 2009 - Identification and classification of ncRNA molecul.pdf:application/pdf},
}

@article{zhang_non-coding_2019,
	title = {Non-{Coding} {RNAs} and their {Integrated} {Networks}},
	volume = {16},
	issn = {1613-4516},
	url = {https://www.degruyter.com/document/doi/10.1515/jib-2019-0027/html},
	doi = {10.1515/jib-2019-0027},
	abstract = {Abstract
            Eukaryotic genomes are pervasively transcribed. Besides protein-coding RNAs, there are different types of non-coding RNAs that modulate complex molecular and cellular processes. RNA sequencing technologies and bioinformatics methods greatly promoted the study of ncRNAs, which revealed ncRNAs’ essential roles in diverse aspects of biological functions. As important key players in gene regulatory networks, ncRNAs work with other biomolecules, including coding and non-coding RNAs, DNAs and proteins. In this review, we discuss the distinct types of ncRNAs, including housekeeping ncRNAs and regulatory ncRNAs, their versatile functions and interactions, transcription, translation, and modification. Moreover, we summarize the integrated networks of ncRNA interactions, providing a comprehensive landscape of ncRNAs regulatory roles.},
	number = {3},
	urldate = {2021-08-30},
	journal = {Journal of Integrative Bioinformatics},
	author = {Zhang, Peijing and Wu, Wenyi and Chen, Qi and Chen, Ming},
	month = jul,
	year = {2019},
	file = {Texto completo:/home/matheus/Zotero/storage/3U8VSCI8/Zhang et al. - 2019 - Non-Coding RNAs and their Integrated Networks.pdf:application/pdf},
}

@article{hogeweg_roots_2011-1,
	title = {The {Roots} of {Bioinformatics} in {Theoretical} {Biology}},
	volume = {7},
	issn = {1553-7358},
	url = {https://dx.plos.org/10.1371/journal.pcbi.1002021},
	doi = {10.1371/journal.pcbi.1002021},
	language = {en},
	number = {3},
	urldate = {2021-08-30},
	journal = {PLoS Computational Biology},
	author = {Hogeweg, Paulien},
	editor = {Searls, David B.},
	month = mar,
	year = {2011},
	pages = {e1002021},
	file = {Texto completo:/home/matheus/Zotero/storage/VXS3D74F/Hogeweg - 2011 - The Roots of Bioinformatics in Theoretical Biology.pdf:application/pdf},
}

@article{watkins_regulatory_2019,
	title = {Regulatory roles of small {RNAs} in prokaryotes: parallels and contrast with eukaryotic {miRNA}},
	volume = {3},
	issn = {25226673},
	shorttitle = {Regulatory roles of small {RNAs} in prokaryotes},
	url = {http://ncri.amegroups.com/article/view/5446/html},
	doi = {10.21037/ncri.2019.10.02},
	urldate = {2021-08-30},
	journal = {Non-coding RNA Investigation},
	author = {Watkins, Derrick and Arya, Dev P.},
	month = nov,
	year = {2019},
	pages = {28--28},
	file = {Watkins e Arya - 2019 - Regulatory roles of small RNAs in prokaryotes par.pdf:/home/matheus/Zotero/storage/2C8HZL5R/Watkins e Arya - 2019 - Regulatory roles of small RNAs in prokaryotes par.pdf:application/pdf},
}

@article{amin_evaluation_2019,
	title = {Evaluation of deep learning in non-coding {RNA} classification},
	volume = {1},
	issn = {2522-5839},
	url = {http://www.nature.com/articles/s42256-019-0051-2},
	doi = {10.1038/s42256-019-0051-2},
	language = {en},
	number = {5},
	urldate = {2021-08-30},
	journal = {Nature Machine Intelligence},
	author = {Amin, Noorul and McGrath, Annette and Chen, Yi-Ping Phoebe},
	month = may,
	year = {2019},
	pages = {246--256},
	file = {Amin et al. - 2019 - Evaluation of deep learning in non-coding RNA clas.pdf:/home/matheus/Zotero/storage/2GT4BM4V/Amin et al. - 2019 - Evaluation of deep learning in non-coding RNA clas.pdf:application/pdf},
}

@article{panwar_prediction_2014,
	title = {Prediction and classification of {ncRNAs} using structural information},
	volume = {15},
	issn = {1471-2164},
	url = {http://bmcgenomics.biomedcentral.com/articles/10.1186/1471-2164-15-127},
	doi = {10.1186/1471-2164-15-127},
	language = {en},
	number = {1},
	urldate = {2021-08-30},
	journal = {BMC Genomics},
	author = {Panwar, Bharat and Arora, Amit and Raghava, Gajendra PS},
	year = {2014},
	pages = {127},
	file = {Texto completo:/home/matheus/Zotero/storage/V2K5XNIN/Panwar et al. - 2014 - Prediction and classification of ncRNAs using stru.pdf:application/pdf},
}

@article{bonnici_arena-idb_2018,
	title = {Arena-{Idb}: a platform to build human non-coding {RNA} interaction networks},
	volume = {19},
	issn = {1471-2105},
	shorttitle = {Arena-{Idb}},
	url = {https://bmcbioinformatics.biomedcentral.com/articles/10.1186/s12859-018-2298-8},
	doi = {10.1186/s12859-018-2298-8},
	language = {en},
	number = {S10},
	urldate = {2021-08-30},
	journal = {BMC Bioinformatics},
	author = {Bonnici, Vincenzo and Caro, Giorgio De and Constantino, Giorgio and Liuni, Sabino and D’Elia, Domenica and Bombieri, Nicola and Licciulli, Flavio and Giugno, Rosalba},
	month = oct,
	year = {2018},
	pages = {350},
	file = {Texto completo:/home/matheus/Zotero/storage/C9738X9I/Bonnici et al. - 2018 - Arena-Idb a platform to build human non-coding RN.pdf:application/pdf},
}

@article{noviello_deep_2020,
	title = {Deep learning predicts short non-coding {RNA} functions from only raw sequence data},
	volume = {16},
	issn = {1553-7358},
	url = {https://dx.plos.org/10.1371/journal.pcbi.1008415},
	doi = {10.1371/journal.pcbi.1008415},
	abstract = {Small non-coding RNAs (ncRNAs) are short non-coding sequences involved in gene regulation in many biological processes and diseases. The lack of a complete comprehension of their biological functionality, especially in a genome-wide scenario, has demanded new computational approaches to annotate their roles. It is widely known that secondary structure is determinant to know RNA function and machine learning based approaches have been successfully proven to predict RNA function from secondary structure information. Here we show that RNA function can be predicted with good accuracy from a lightweight representation of sequence information without the necessity of computing secondary structure features which is computationally expensive. This finding appears to go against the dogma of secondary structure being a key determinant of function in RNA. Compared to recent secondary structure based methods, the proposed solution is more robust to sequence boundary noise and reduces drastically the computational cost allowing for large data volume annotations. Scripts and datasets to reproduce the results of experiments proposed in this study are available at:
              https://github.com/bioinformatics-sannio/ncrna-deep
              .},
	language = {en},
	number = {11},
	urldate = {2021-08-30},
	journal = {PLOS Computational Biology},
	author = {Noviello, Teresa Maria Rosaria and Ceccarelli, Francesco and Ceccarelli, Michele and Cerulo, Luigi},
	editor = {Ioshikhes, Ilya},
	month = nov,
	year = {2020},
	pages = {e1008415},
	file = {Texto completo:/home/matheus/Zotero/storage/WFVWCTFT/Noviello et al. - 2020 - Deep learning predicts short non-coding RNA functi.pdf:application/pdf},
}

@article{singh_identification_2021,
	title = {Identification of multiple {RNAs} using feature fusion},
	issn = {1467-5463, 1477-4054},
	url = {https://academic.oup.com/bib/advance-article/doi/10.1093/bib/bbab178/6272794},
	doi = {10.1093/bib/bbab178},
	abstract = {Abstract
            Detection of novel transcripts with deep sequencing has increased the demand for computational algorithms as their identification and validation using in vivo techniques is time-consuming, costly and unreliable. Most of these discovered transcripts belong to non-coding RNAs, a large group known for their diverse functional roles but lacks the common taxonomy. Thus, upon the identification of the absence of coding potential in them, it is crucial to recognize their prime functional category. To address this heterogeneity issue, we divide the ncRNAs into three classes and present RNA classifier (RNAC) that categorizes the RNAs into coding, housekeeping, small non-coding and long non-coding classes. RNAC utilizes the alignment-based genomic descriptors to extract statistical, local binary patterns and histogram features and fuse them to construct the classification models with extreme gradient boosting. The experiments are performed on four species, and the performance is assessed on multiclass and conventional binary classification (coding versus no-coding) problems. The proposed approach achieved \&gt;93\% accuracy on both classification problems and also outperformed other well-known existing methods in coding potential prediction. This validates the usefulness of feature fusion for improved performance on both types of classification problems. Hence, RNAC is a valuable tool for the accurate identification of multiple RNAs .},
	language = {en},
	urldate = {2021-08-30},
	journal = {Briefings in Bioinformatics},
	author = {Singh, Dalwinder and Madhawan, Akansha and Roy, Joy},
	month = may,
	year = {2021},
	pages = {bbab178},
}

@article{singh_identification_2021-1,
	title = {Identification of multiple {RNAs} using feature fusion},
	issn = {1467-5463, 1477-4054},
	url = {https://academic.oup.com/bib/advance-article/doi/10.1093/bib/bbab178/6272794},
	doi = {10.1093/bib/bbab178},
	abstract = {Abstract
            Detection of novel transcripts with deep sequencing has increased the demand for computational algorithms as their identification and validation using in vivo techniques is time-consuming, costly and unreliable. Most of these discovered transcripts belong to non-coding RNAs, a large group known for their diverse functional roles but lacks the common taxonomy. Thus, upon the identification of the absence of coding potential in them, it is crucial to recognize their prime functional category. To address this heterogeneity issue, we divide the ncRNAs into three classes and present RNA classifier (RNAC) that categorizes the RNAs into coding, housekeeping, small non-coding and long non-coding classes. RNAC utilizes the alignment-based genomic descriptors to extract statistical, local binary patterns and histogram features and fuse them to construct the classification models with extreme gradient boosting. The experiments are performed on four species, and the performance is assessed on multiclass and conventional binary classification (coding versus no-coding) problems. The proposed approach achieved \&gt;93\% accuracy on both classification problems and also outperformed other well-known existing methods in coding potential prediction. This validates the usefulness of feature fusion for improved performance on both types of classification problems. Hence, RNAC is a valuable tool for the accurate identification of multiple RNAs .},
	language = {en},
	urldate = {2021-08-30},
	journal = {Briefings in Bioinformatics},
	author = {Singh, Dalwinder and Madhawan, Akansha and Roy, Joy},
	month = may,
	year = {2021},
	pages = {bbab178},
	file = {Singh et al. - 2021 - Identification of multiple RNAs using feature fusi.pdf:/home/matheus/Zotero/storage/5B5VFKMS/Singh et al. - 2021 - Identification of multiple RNAs using feature fusi.pdf:application/pdf},
}

@article{fiannaca_nrc_2017,
	title = {{nRC}: non-coding {RNA} {Classifier} based on structural features},
	volume = {10},
	issn = {1756-0381},
	shorttitle = {{nRC}},
	url = {http://biodatamining.biomedcentral.com/articles/10.1186/s13040-017-0148-2},
	doi = {10.1186/s13040-017-0148-2},
	language = {en},
	number = {1},
	urldate = {2021-08-30},
	journal = {BioData Mining},
	author = {Fiannaca, Antonino and La Rosa, Massimo and La Paglia, Laura and Rizzo, Riccardo and Urso, Alfonso},
	month = dec,
	year = {2017},
	pages = {27},
	file = {Texto completo:/home/matheus/Zotero/storage/CVFUPQZU/Fiannaca et al. - 2017 - nRC non-coding RNA Classifier based on structural.pdf:application/pdf},
}

@article{chantsalnyam_ncrdeep_2020,
	title = {{ncRDeep}: {Non}-coding {RNA} classification with convolutional neural network},
	volume = {88},
	issn = {14769271},
	shorttitle = {{ncRDeep}},
	url = {https://linkinghub.elsevier.com/retrieve/pii/S1476927120308732},
	doi = {10.1016/j.compbiolchem.2020.107364},
	language = {en},
	urldate = {2021-08-30},
	journal = {Computational Biology and Chemistry},
	author = {Chantsalnyam, Tuvshinbayar and Lim, Dae Yeong and Tayara, Hilal and Chong, Kil To},
	month = oct,
	year = {2020},
	pages = {107364},
	file = {Chantsalnyam et al. - 2020 - ncRDeep Non-coding RNA classification with convol.pdf:/home/matheus/Zotero/storage/EVC9T4QI/Chantsalnyam et al. - 2020 - ncRDeep Non-coding RNA classification with convol.pdf:application/pdf},
}

@article{ventola_identification_2017,
	title = {Identification of long non-coding transcripts with feature selection: a comparative study},
	volume = {18},
	issn = {1471-2105},
	shorttitle = {Identification of long non-coding transcripts with feature selection},
	url = {http://bmcbioinformatics.biomedcentral.com/articles/10.1186/s12859-017-1594-z},
	doi = {10.1186/s12859-017-1594-z},
	language = {en},
	number = {1},
	urldate = {2021-08-30},
	journal = {BMC Bioinformatics},
	author = {Ventola, Giovanna M. M. and Noviello, Teresa M. R. and D’Aniello, Salvatore and Spagnuolo, Antonietta and Ceccarelli, Michele and Cerulo, Luigi},
	month = dec,
	year = {2017},
	pages = {187},
	file = {Texto completo:/home/matheus/Zotero/storage/VNYB5W82/Ventola et al. - 2017 - Identification of long non-coding transcripts with.pdf:application/pdf},
}

@article{cao_prelnc_2020,
	title = {{PreLnc}: {An} {Accurate} {Tool} for {Predicting} {lncRNAs} {Based} on {Multiple} {Features}},
	volume = {11},
	issn = {2073-4425},
	shorttitle = {{PreLnc}},
	url = {https://www.mdpi.com/2073-4425/11/9/981},
	doi = {10.3390/genes11090981},
	abstract = {Accumulating evidence indicates that long non-coding RNAs (lncRNAs) have certain similarities with messenger RNAs (mRNAs) and are associated with numerous important biological processes, thereby demanding methods to distinguish them. Based on machine learning algorithms, a variety of methods are developed to identify lncRNAs, providing significant basic data support for subsequent studies. However, many tools lack certain scalability, versatility and balance, and some tools rely on genome sequence and annotation. In this paper, we propose a convenient and accurate tool “PreLnc”, which uses high-confidence lncRNA and mRNA transcripts to build prediction models through feature selection and classifiers. The false discovery rate (FDR) adjusted p-value and Z-value were used for analyzing the tri-nucleotide composition of transcripts of different species. Conclusions can be drawn from the experiment that there were significant differences in RNA transcripts among plants, which may be related to evolutionary conservation and the fact that plants are under evolutionary pressure for a longer time than animals. Combining with the Pearson correlation coefficient, we use the incremental feature selection (IFS) method and the comparison of multiple classifiers to build the model. Finally, the balanced random forest was used to construct the classifier, and PreLnc obtained 91.09\% accuracy for 349,186 transcripts of animals and plants. In addition, by comparing standard performance measurements, PreLnc performed better than other prediction tools.},
	language = {en},
	number = {9},
	urldate = {2021-08-30},
	journal = {Genes},
	author = {Cao, Lei and Wang, Yupeng and Bi, Changwei and Ye, Qiaolin and Yin, Tongming and Ye, Ning},
	month = aug,
	year = {2020},
	pages = {981},
	file = {Texto completo:/home/matheus/Zotero/storage/KZWEAU9D/Cao et al. - 2020 - PreLnc An Accurate Tool for Predicting lncRNAs Ba.pdf:application/pdf},
}

@article{zhang_review_2017,
	title = {A {Review} on {Recent} {Computational} {Methods} for {Predicting} {Noncoding} {RNAs}},
	volume = {2017},
	issn = {2314-6133, 2314-6141},
	url = {https://www.hindawi.com/journals/bmri/2017/9139504/},
	doi = {10.1155/2017/9139504},
	abstract = {Noncoding RNAs (ncRNAs) play important roles in various cellular activities and diseases. In this paper, we presented a comprehensive review on computational methods for ncRNA prediction, which are generally grouped into four categories: (
              
                
                  1
                
              
              ) homology-based methods, that is, comparative methods involving evolutionarily conserved RNA sequences and structures, (
              
                
                  2
                
              
              ) de novo methods using RNA sequence and structure features, (
              
                
                  3
                
              
              ) transcriptional sequencing and assembling based methods, that is, methods designed for single and pair-ended reads generated from next-generation RNA sequencing, and (
              
                
                  4
                
              
              ) RNA family specific methods, for example, methods specific for microRNAs and long noncoding RNAs. In the end, we summarized the advantages and limitations of these methods and pointed out a few possible future directions for ncRNA prediction. In conclusion, many computational methods have been demonstrated to be effective in predicting ncRNAs for further experimental validation. They are critical in reducing the huge number of potential ncRNAs and pointing the community to high confidence candidates. In the future, high efficient mapping technology and more intrinsic sequence features (e.g., motif and
              
                
                  k
                
              
              -mer frequencies) and structure features (e.g., minimum free energy, conserved stem-loop, or graph structures) are suggested to be combined with the next- and third-generation sequencing platforms to improve ncRNA prediction.},
	language = {en},
	urldate = {2021-08-30},
	journal = {BioMed Research International},
	author = {Zhang, Yi and Huang, Haiyun and Zhang, Dahan and Qiu, Jing and Yang, Jiasheng and Wang, Kejing and Zhu, Lijuan and Fan, Jingjing and Yang, Jialiang},
	year = {2017},
	pages = {1--14},
	file = {Texto completo:/home/matheus/Zotero/storage/5JD669KX/Zhang et al. - 2017 - A Review on Recent Computational Methods for Predi.pdf:application/pdf},
}

@article{bergen_rna_2021,
	title = {{RNA} velocity—current challenges and future perspectives},
	volume = {17},
	issn = {1744-4292, 1744-4292},
	url = {https://onlinelibrary.wiley.com/doi/10.15252/msb.202110282},
	doi = {10.15252/msb.202110282},
	language = {en},
	number = {8},
	urldate = {2021-08-31},
	journal = {Molecular Systems Biology},
	author = {Bergen, Volker and Soldatov, Ruslan A and Kharchenko, Peter V and Theis, Fabian J},
	month = aug,
	year = {2021},
}

@article{wang_ncrfp_2021,
	title = {{ncRFP}: {A} {Novel} end-to-end {Method} for {Non}-{Coding} {RNAs} {Family} {Prediction} {Based} on {Deep} {Learning}},
	volume = {18},
	issn = {1545-5963, 1557-9964, 2374-0043},
	shorttitle = {{ncRFP}},
	url = {https://ieeexplore.ieee.org/document/9050449/},
	doi = {10.1109/TCBB.2020.2982873},
	number = {2},
	urldate = {2021-09-02},
	journal = {IEEE/ACM Transactions on Computational Biology and Bioinformatics},
	author = {Wang, Linyu and Zheng, Shaoge and Zhang, Hao and Qiu, Zhiyang and Zhong, Xiaodan and Liuliu, Haiming and Liu, Yuanning},
	month = mar,
	year = {2021},
	pages = {784--789},
	file = {Texto completo:/home/matheus/Zotero/storage/4X6ELZ49/Wang et al. - 2021 - ncRFP A Novel end-to-end Method for Non-Coding RN.pdf:application/pdf},
}

@article{Esteller2011,
  doi = {10.1038/nrg3074},
  url = {https://doi.org/10.1038/nrg3074},
  year = {2011},
  month = nov,
  publisher = {Springer Science and Business Media {LLC}},
  volume = {12},
  number = {12},
  pages = {861--874},
  author = {Manel Esteller},
  title = {Non-coding {RNAs} in human disease},
  journal = {Nature Reviews Genetics}
}

@article{Shi2013,
  doi = {10.1016/j.canlet.2013.06.013},
  url = {https://doi.org/10.1016/j.canlet.2013.06.013},
  year = {2013},
  month = oct,
  publisher = {Elsevier {BV}},
  volume = {339},
  number = {2},
  pages = {159--166},
  author = {Xuefei Shi and Ming Sun and Hongbing Liu and Yanwen Yao and Yong Song},
  title = {Long non-coding {RNAs}: A new frontier in the study of human diseases},
  journal = {Cancer Letters}
}

@article{Gardner2010,
  doi = {10.1093/nar/gkq1129},
  url = {https://doi.org/10.1093/nar/gkq1129},
  year = {2010},
  month = nov,
  publisher = {Oxford University Press ({OUP})},
  volume = {39},
  number = {Database},
  pages = {D141--D145},
  author = {P. P. Gardner and J. Daub and J. Tate and B. L. Moore and I. H. Osuch and S. Griffiths-Jones and R. D. Finn and E. P. Nawrocki and D. L. Kolbe and S. R. Eddy and A. Bateman},
  title = {Rfam: Wikipedia,  clans and the "decimal" release},
  journal = {Nucleic Acids Research}
}

